4200 6438
786 345 926 413 1οῖ9

2001 354 2273 417 LEONIS
2304 360 2760 424 PIIILOSOPHI

3892 382 4039 448 1030

782 473 973 528 regere
1002 458 1235 525 animas,
1263 465 1319 512 et
1343 472 1443 528 pro
1465 458 1601 531 ipsis
1626 462 1764 531 apud
1795 462 1962 520 Deum
1991 466 2348 532 intercedere,

2455 488 2607 538 φασι,
2639 473 2705 526 δι’
2746 468 2814 544 ἦς
2864 476 2957 528 καὶ
3004 477 3065 530 τὸ
3107 481 3416 549 ποιμαίνειν
3432 484 3530 548 τὰς
3584 486 3784 557 ψυχὰς,
3813 495 3906 544 καὶ
3967 501 4036 548 τὰ

779 550 1155 604 obtinuerunt.
1178 547 1503 606 Sacerdotes
1525 553 1669 605 enim
1705 554 1869 609 veluti
1902 556 2082 609 anima
2101 557 2350 626 quaedam

779 638 975 694 diffusa
1024 646 1078 694 et
1124 640 1410 697 viviﬁcans
1462 646 1779 697 universum
1836 644 2132 699 Christiani
2165 647 2352 716 populi

780 744 902 783 cum
957 730 1261 800 principum
1314 742 1425 786 tum
1487 732 1834 789 subditorum
1882 751 2117 807 corpus,
2154 738 2351 793 ducem

778 835 961 891 regem
1011 823 1255 877 omnium
1307 821 1477 878 Deum
1508 824 1774 893 possidet,
1803 833 1858 882 et
1908 828 1978 882 ab
2032 828 2153 899 ipso
2184 830 2353 886 totius

775 911 1025 980 corporis
1059 913 1499 981 procurationem
1522 912 1860 980 moderatur,
1881 915 2154 986 gubernat
2189 928 2355 986 atque

777 1001 1125 1072 circumagit.

846 1176 935 1230 15.
976 1173 1184 1229 Deinde
1212 1175 1591 1232 sacerdotibus
1616 1175 1734 1241 Dei,
1764 1176 1884 1246 qui,
1915 1185 2181 1246 quantum
2212 1179 2264 1233 in
2295 1193 2355 1235 se

774 1272 882 1328 est,
912 1278 1140 1333 pascere
1170 1265 1370 1321 debent
1395 1281 1610 1338 gregem
1637 1266 1862 1333 Christi,
1899 1268 2080 1339 aliqua
2106 1269 2161 1324 in
2183 1286 2354 1326 vene-

775 1356 990 1410 ratione
1035 1356 1276 1420 habitis,
1307 1365 1472 1428 atque
1526 1358 1663 1413 adeo
1712 1358 1917 1414 divinis
1969 1359 2093 1415 lidei
2143 1362 2355 1431 legibus

777 1461 991 1499 summa
1036 1447 1380 1501 observantia
1425 1450 1687 1518 omnique
1718 1450 1887 1504 animi
1932 1450 2253 1509 inductione
2288 1455 2357 1509 ab

778 1537 1037 1590 omnihus
1067 1536 1374 1591 observatis
1394 1577 1409 1601 ,
1441 1539 1621 1608 regias
1651 1539 1799 1607 leges
1828 1540 2052 1597 minime
2077 1550 2356 1615 transgre-

777 1626 1024 1693 diaunini,
1051 1636 1111 1682 ut
1139 1627 1355 1698 justitia
1387 1637 1441 1684 et
1465 1629 1736 1700 judicium
1766 1631 1820 1685 in
1853 1632 2033 1688 medio
2063 1642 2221 1690 terra:
2255 1652 2355 1691 no-

778 1724 907 1771 astra:
938 1718 1048 1771 ﬁat.

848 1808 938 1863 14.
983 1808 1270 1862 Militarem
1304 1807 1549 1862 laborem
1582 1814 1637 1863 et
1675 1824 1823 1862 arma
1853 1809 2047 1864 bellica
2080 1811 2161 1866 sic
2187 1827 2351 1867 accn-

776 1896 957 1959 rabis,
986 1912 1097 1951 non
1121 1906 1182 1951 ut
1219 1895 1482 1966 injuriam
1513 1898 1677 1952 alicui
1708 1898 1935 1965 inferas,
1966 1909 2060 1954 aut
2086 1902 2350 1972 injustum

775 1987 977 2041 bellum
1008 2001 1228 2042 moveas
1254 2028 1269 2053 ,
1304 1996 1398 2041 aut
1424 1986 1793 2058 praedationes
1826 2000 1880 2045 et
1912 1992 2130 2061 iniquas
2161 1994 2353 2050 adver-

775 2093 873 2133 sus
901 2080 1144 2149 integros
1171 2080 1420 2135 homines
1455 2081 1801 2137 incursiones
1830 2082 2016 2148 facias,
2047 2085 2143 2138 sed
2177 2094 2237 2140 ut
2262 2102 2351 2142 re-

777 2168 971 2239 ligiose
997 2171 1206 2236 vivens,
1245 2179 1297 2225 et
1328 2186 1453 2226 cum
1486 2172 1738 2229 hostibus
1764 2176 1930 2230 etiam
1955 2215 1969 2240 ,
1997 2188 2263 2247 quantum
2294 2182 2349 2234 in

775 2268 827 2313 te
850 2267 957 2324 est,
990 2273 1177 2329 pacem
1210 2261 1440 2324 habens,
1470 2261 1544 2315 ita
1568 2262 1656 2332 pie
1678 2273 1731 2317 et
1762 2264 1871 2319 Deo
1908 2268 2235 2336 complacite
2267 2268 2351 2321 vi-

772 2359 884 2404 tam
915 2353 1208 2422 transigas,
1248 2359 1301 2406 nt
1350 2353 1415 2408 ad
1461 2353 1855 2422 injuriosorum
1908 2356 2194 2412 hominum
2238 2361 2348 2414 vim

772 2440 1146 2510 depellendam
1177 2457 1326 2497 arma
1355 2446 1453 2499 abs
1481 2451 1534 2498 te
1567 2455 1878 2501 sumantur.

844 2530 931 2584 15.
977 2531 1032 2584 Si
1076 2531 1220 2586 enim
1254 2534 1417 2586 vitam
1450 2535 1761 2603 religiosam
1793 2551 1858 2591 ac
1892 2538 2033 2606 piam
2068 2539 2265 2610 degas,
2295 2548 2350 2596 et

766 2622 919 2690 justa
969 2622 1036 2677 de
1082 2638 1247 2678 causa
1300 2624 1503 2680 bellum
1554 2640 1797 2691 moveas,
1828 2629 1995 2683 Deum
2040 2630 2253 2700 justum
2292 2633 2347 2689 in

769 2712 918 2767 omni
951 2712 1186 2767 bellandi
1218 2715 1431 2770 ratione
1464 2715 1768 2785 adjutorem
1802 2719 2050 2774 habebis.

841 2804 928 2858 16.
975 2802 1030 2857 Si
1078 2806 1220 2858 enim
1268 2807 1393 2874 quis
1432 2816 1585 2861 certo
1619 2818 1823 2865 statuat
1852 2826 1961 2864 non
1995 2827 2052 2866 se
2083 2812 2343 2881 injuriam

770 2895 934 2950 alicui
965 2896 1189 2963 inferre,
1217 2898 1312 2952 sed
1345 2898 1545 2966 injuria
1582 2899 1833 2956 adectum
1861 2917 1983 2957 esse
2003 2943 2017 2966 ,
2046 2914 2100 2957 et
2126 2905 2193 2958 ad
2228 2904 2344 2958 bel-

771 2988 883 3040 lum
921 2990 1235 3042 necessario
1262 2991 1699 3060 suscipiendum,
1734 2993 1801 3047 ad
1850 2994 2225 3063 depellendam
2260 2996 2345 3051 inc

764 3079 968 3147 juriam
1009 3088 1366 3148 provocatum
1412 3097 1565 3147 esse,
1602 3083 1650 3139 is
1678 3084 1901 3138 omnino
1928 3086 2153 3141 credere
2183 3086 2344 3142 debet

2452 3106 2604 3170 τέλος
2641 3077 2868 3178 ἀγαθὸν,

765 3169 915 3237 justo
947 3170 1087 3224 bello
1113 3172 1315 3226 bonum
1348 3172 1509 3229 linem
1537 3190 1567 3228 a
1597 3175 1709 3238 Deo
1740 3176 1967 3247 imponi,
2006 3178 2214 3248 injuste
2247 3193 2347 3233 au-

770 3268 878 3314 tem
911 3262 1274 3316 contrarium.

839 3350 929 3403 17.
970 3351 1437 3415 Quemadmodum
1466 3355 1612 3410 enim
1669 3356 1761 3427 qui
1818 3356 2052 3427 injurius
2086 3369 2200 3424 est,
2236 3375 2348 3417 non

768 3450 950 3510 potest
1002 3455 1112 3495 non
1147 3441 1451 3511 iniquitatis
1479 3458 1591 3499 sua:
1622 3459 1836 3514 pinnam
1869 3461 1898 3499 a
1933 3447 2045 3501 Deo
2076 3447 2227 3516 justo
2256 3466 2346 3504 rc-

771 3542 993 3603 pqrtare
1025 3548 1038 3584 :
1072 3532 1153 3587 sic
1186 3533 1232 3587 is
1263 3534 1356 3603 qui
1393 3534 1649 3604 injuriam
1682 3538 1965 3606 prepulsat
1986 3578 2001 3602 ,
2039 3538 2152 3593 ﬁeri
2199 3540 2345 3596 haud

768 3631 947 3692 potest
991 3623 1122 3691 quin
1154 3638 1184 3676 a
1217 3622 1327 3678 Deo
1363 3626 1646 3680 victoriam
1677 3638 2003 3697 assequatur
2035 3649 2048 3683 :
2082 3629 2347 3687 Dominus

765 3715 909 3768 enim
954 3713 1135 3783 justus
1178 3714 1346 3783 judex
1394 3724 1509 3782 est,
1537 3725 1592 3772 et
1625 3732 1748 3773 cum
1793 3719 2008 3789 justitia
2044 3731 2348 3791 pertractat

767 3805 973 3860 omnia.

838 3897 926 3949 18.
970 3893 1142 3963 llnjus
1201 3895 1279 3949 rei
1339 3897 1513 3966 gratia
1566 3913 1717 3952 arma
1767 3899 1868 3954 abs
1923 3908 1978 3955 te
2034 3902 2341 3957 exercenda

766 3996 915 4050 sunt,
941 3988 1261 4057 reliquaque
1284 3990 1538 4044 militaris
1571 3990 1847 4045 industria
1878 3992 1985 4047 huc
2011 3994 2341 4050 conferenda

768 4087 874 4130 cst.

836 4167 928 4226 19.
967 4168 1101 4223 Belli
1132 4168 1305 4238 ipsius
1340 4176 1585 4240 tempore
1616 4170 1852 4227 hostium
1887 4182 2109 4230 tuorum
2144 4186 2340 4233 natura

763 4271 818 4316 et
848 4261 1175 4315 constitutio
1212 4261 1504 4332 diligenter
1534 4263 1633 4318 abs
1662 4274 1713 4319 te
1742 4277 2129 4336 cognoscatur,
2154 4278 2337 4327 utrum

2380 1713 2428 1772 B

2456 562 2592 633 πρὸς
2637 564 2769 617 Θεὸν
2819 567 3010 628 αὐταῖς
3062 571 3366 638 μεσιτεύειν
3420 575 3762 641 ἀνεδέξαντο.
3804 582 3865 634 οι
3922 584 4035 653 γὰρ

2459 653 2623 723 ἱερεῖς
2655 655 2842 727 ῶσπερ
2860 646 3014 729 ψυχή
3037 676 3118 723 τις
3144 660 3523 735 διεσπαρμένῃ
3549 669 3643 721 καὶ
3677 646 4033 739 ζωογονούσα

2456 746 2574 800 ὅλον
2597 747 2657 800 τὸ
2687 749 2847 818 σῶμα
2893 751 2987 804 τοῦ
3037 752 3424 824 Χριστιανικού
3463 759 3591 813 λιοῦ
3626 765 3720 815 καὶ
3752 767 4034 835 ἀρχόντων

2460 838 2549 892 καὶ
2571 839 2891 909 ἀρχομένων
2918 845 3258 916 καθέστηκεν
3287 848 3381 902 οὖν
3408 852 3509 904 καὶ
3529 855 3775 923 ἡγεμόνα
3804 858 3897 910 τὸν
3934 861 4031 927 βα-

2456 929 2612 983 σιλέα
2640 930 2749 983 τῶν
2768 933 3025 988 ἁπάντων
3061 936 3195 993 Θεὸν
3222 941 3560 1012 κεκτημένη,
3596 946 3691 999 καὶ
3735 948 3831 1000 ἀπ’
3861 952 4030 1004 αὐτοῦ

2454 1020 2554 1082 τὰς
2579 1021 2674 1073 τοῦ
2691 1022 2813 1075 ὅλου
2848 1023 3099 1093 σώματος
3115 1029 3411 1101 διοικήσεις
3427 1032 3905 1105 διαπορθμεύουσα
3939 1045 4033 1097 καὶ

2456 1110 2777 1181 κυϐερνῶσα
2806 1114 2897 1166 καὶ
2934 1120 3298 1186 περιάγουσα.

2527 1211 2615 1269 ιγ’.
2642 1204 2829 1270 Οὕτως
2853 1206 2945 1260 οὐν
2965 1211 3093 1278 περὶ
3138 1209 3272 1264 Θεὸν
3303 1212 3543 1278 εὐσεϐῶς
3591 1217 3685 1270 καὶ
3735 1220 4031 1289 δρθοδόζως

2455 1292 2550 1344 καὶ
2584 1297 2711 1363 περὶ
2750 1298 2876 1360 τοὺς
2905 1298 3110 1352 ἐκείνου
3150 1300 3489 1369 θεράποντας
3519 1305 3883 1377 διακείμενος,
3907 1315 4031 1365 ἑπι-

2459 1383 2620 1453 μελοῦ
2654 1386 2790 1455 μετὰ
2825 1389 2949 1451 τοὺς
2978 1390 3157 1455 θείους
3181 1394 3280 1463 τῆς
3301 1392 3537 1458 πίστεως
3564 1396 3762 1465 νόμους
3784 1402 3881 1450 καὶ
3901 1404 4029 1465 τοὺς

2458 1472 2770 1541 βασιλικοὺς
2834 1477 3294 1545 διαφυλάττεσθαι
3353 1484 3552 1553 νόμους
3596 1487 4027 1557 ἀπαραϐἀτουςδ

2456 1561 2594 1615 ῶστε
2629 1568 2803 1619 ποιεῖν
2837 1584 2895 1620 σε
2940 1572 3118 1641 κρῖμα
3146 1573 3242 1625 καὶ
3270 1573 3620 1648 δικαιοσύνην
3644 1579 3704 1632 ἐν
3760 1581 3918 1653 μέσῳ
3935 1584 4029 1652 τῆς

2458 1670 2563 1724 γης
2597 1672 2709 1712 σου.

2527 1835 2610 1893 ιδ’.
2656 1836 2945 1909 Ἐπιμελοῦ
2986 1842 3045 1896 δὲ
3091 1843 3336 1898 καὶτῶν
3387 1849 3773 1917 στρατηγικῶν
3816 1850 4033 1922 ἔργων,

2452 1925 2546 1979 καὶ
2580 1926 2690 1980 τῶν
2710 1931 3018 2001 πολεμικῶν
3043 1933 3222 1989 ὅπλων
3249 1950 3265 1965 ⁶
3290 1936 3388 2006 οὐχ
3409 1938 3494 1989 ἵνα
3523 1939 3820 2012 ἀδικήσῃς,
3861 1944 3895 2012 ἧ
3930 1944 4035 1997 ἀδί-

2452 2033 2550 2070 κου
2582 2020 2817 2090 πολέμου
2848 2024 3145 2098 κατάρξῃς,
3170 2027 3202 2097 ἢ
3238 2027 3493 2098 λῃστείας
3510 2031 3665 2095 τινὰς
3687 2035 3785 2086 καὶ
3816 2034 4031 2099 ἀδίκους

2454 2110 2595 2163 κατὰ
2652 2111 2762 2165 τῶν
2813 2114 2965 2169 οὐδὲν
3022 2118 3362 2185 ἠδικηκότων
3405 2122 3708 2192 ἐπιδρομὰς
3763 2127 4024 2197 ποιήσῃς,

2452 2200 2569 2255 ἀλλ’
2597 2202 2683 2257 ἵνα
2715 2206 2811 2258 σὺν
2842 2206 3098 2277 εὐσεϐείᾳ.
3127 2209 3257 2273 ζῶν,
3298 2211 3433 2263 ἀλλὰ
3464 2213 3555 2264 xui
3584 2217 3697 2277 τοῖς
3723 2217 4027 2285 πολεμίοις,

2451 2291 2575 2344 ὅσον
2595 2294 2657 2345 τὸ
2697 2295 2794 2347 ἐπὶ
2823 2297 2925 2361 σοὶ,
2954 2298 3271 2369 είρηνεύων,
3306 2303 3400 2353 xui
3444 2303 3617 2368 οὕτως
3641 2307 3891 2372 εὐσεϐῶς
3940 2314 4030 2364 καὶ

2452 2382 2757 2455 θεαρέστως
2806 2388 2917 2457 (68)
2958 2389 3392 2461 πολιτευόμενος,
3426 2394 3555 2466 ἔχῃς
3597 2397 3666 2451 τὲ
3705 2400 3857 2453 ὅπλα
3897 2403 4031 2472 πρὸς

2450 2475 2663 2545 ἄμυναν
2692 2477 2800 2531 τῶν
2829 2480 3159 2537 ἀδικούντων
3206 2486 3501 2557 πολεμίων.

2523 2572 2602 2617 ιε’.
2654 2566 2717 2619 Ἦ
2757 2569 2864 2636 γὰρ
2894 2571 3123 2640 εὐσεϐής
3147 2570 3239 2626 σου
3266 2574 3379 2642 ζωὴ
3405 2576 3574 2629 ταῦτα
3605 2579 4031 2647 παραλαϐοῦσα,

2449 2649 2508 2706 εὖ
2533 2651 2629 2709 οἷδ’
2660 2657 2743 2710 ὃτι
2802 2662 2895 2713 καὶ
2920 2660 3051 2715 Θεὸν
3073 2663 3234 2717 αὐτὸν
3256 2666 3393 2734 μετὰ
3421 2667 3516 2733 τῆς
3548 2668 3904 2741 δικαιοσύνης
3926 2675 4031 2737 Eiet

2452 2748 3003 2811 συνεκστρατεύοντα.

2525 2840 2619 2898 ις’.
2654 2837 2763 2888 Καὶ
2793 2839 2824 2907 ἡ
2862 2838 3046 2903 πίστις
3074 2840 3166 2893 τοῦ
3192 2840 3269 2912 μὴ
3316 2844 3525 2898 ἀδικεῖν
3565 2846 3681 2899 ἀλλ’
3720 2849 4032 2905 ἀδικεῖσθαι

2449 2925 2752 2994 στρατηγὸν
2779 2929 2871 2980 καὶ
2918 2929 3161 2999 ἡγεμόνα
3213 2932 3274 2984 τὸ
3326 2932 3480 2987 Θείον
3517 2937 3649 3002 ἕξει,
3688 2940 3786 2992 καὶ
3819 2942 4032 3011 ἀνάγκη

2450 3017 2747 3079 πιστεύειν,
2785 3018 3078 3092 ὃτιδικαίῳ
3110 3022 3334 3095 πολέμῳ
3354 3026 3463 3079 ἀπὸ
3494 3026 3630 3081 Θεοῦ
3665 3030 3949 3099 ὀφείλεται
3976 3034 4032 3087 τὸ

2901 3109 3092 3183 ὥσπερ
3115 3113 3193 3185 τῷ
3224 3114 3394 3187 ἀδίκῳ
3414 3116 3473 3170 τὸ
3505 3119 3776 3174 ἐναντίον.

2521 3370 2607 3436 ιζ’.
2642 3372 2851 3444 Ὥσπερ
2897 3373 3005 3443 γὰρ
3033 3376 3121 3428 τὸν
3146 3376 3432 3431 ἀδικοῦντα
3478 3379 3744 3434 ἀδύνατον
3792 3385 3870 3452 μὴ
3923 3403 4027 3437 πα-

2448 3458 2560 3513 θεῖν
2600 3478 2730 3515 ποτε
2772 3463 2871 3533 τὴν
2908 3465 3008 3533 τῆς
3077 3466 3291 3531 ἀδικίας
3337 3471 3530 3539 ποινὴν
3576 3473 3732 3539 παρὰ
3792 3490 3857 3540 γε
3911 3476 4029 3545 Θεῴ

2447 3554 2631 3623 κριτῇ,
2665 3551 2838 3616 οὕτως
2872 3554 3131 3609 ἀδύνατον
3169 3559 3264 3610 καὶ
3319 3558 3410 3611 τὸν
3441 3561 3540 3629 τὴν
3567 3560 3785 3613 ἀδικίαν
3826 3565 4029 3631 ἀμυνό-

2449 3662 2632 3713 μενον,
2664 3646 2757 3697 καὶ
2800 3647 3287 3715 ἁντιπολεμοῦντα,
3318 3651 3393 3720 μὴ
3423 3655 3521 3721 τῆς
3574 3655 3726 3722 παρὰ
3778 3655 3921 3708 Θεοῦ
3944 3656 4028 3711 νι-

2446 3752 2548 3804 κης
2586 3739 2860 3807 ἐπιτυχεῖν
2888 3754 2901 3768 ·
2944 3741 2971 3792 ὁ
2994 3741 3103 3809 γὰρ
3126 3740 3258 3803 Θεὸς
3286 3742 3477 3811 κριτὴς
3503 3743 3735 3807 δίκαιος,
3769 3747 3869 3797 καὶ
3931 3750 4026 3801 συν

2443 3828 2570 3901 δίκῃ
2599 3830 2783 3898 ἐξάγει
2813 3831 2883 3884 τὰ
2904 3832 3213 3901 σύμπαντα.

2516 3929 2606 3993 ιη’.
2638 3924 2853 3977 Τούτων
2882 3927 3062 3978 τοίνυν
3087 3926 3246 3997 χάριν
3288 3926 3475 3979 ἀσκεῖν
3505 3944 3564 3978 σε
3606 3927 3689 3980 δεῖ
3716 3930 3905 3983 ὃπλων
3934 3934 4026 3986 καὶ

2443 4014 2749 4082 γυμνασίας
2773 4015 2867 4066 καὶ
2894 4016 2992 4085 τῆς
3037 4016 3202 4085 ἄλλης
3235 4019 3606 4087 στρατηγικῆς
3663 4022 4014 4091 ἐπιμελείας.

2516 4188 2601 4243 ιϐ’.
2636 4191 2846 4244 Εἰδέναι
2870 4192 2927 4245 δέ
2970 4210 3028 4245 σε
3054 4194 3149 4246 ἐπὶ
3174 4194 3383 4259 τούτοις
3421 4196 3705 4267 βούλομαι,
3748 4203 3829 4255 ὅτι
3857 4204 3943 4257 δεῖ
3969 4224 4023 4258 σε

2441 4282 2501 4334 ἐν
2522 4282 2757 4350 πολέμου
2780 4283 2956 4355 καιρῷ
2979 4285 3087 4337 τῶν
3104 4303 3165 4340 τε
3196 4288 3699 4360 ἀντιπολεμούντων
3728 4294 3830 4364 τὴν
3862 4300 4024 4365 φὲσιν

764 4354 984 4408 illorum
1023 4354 1193 4423 cupias
1243 4355 1422 4424 primo
1465 4369 1763 4424 congressu
1793 4358 2212 4428 impetuosiores
2246 4378 2336 4416 ar-

2448 4371 2732 4439 γινώσκειν
2762 4377 2855 4427 καὶ
2889 4377 2988 4446 τὴν
3017 4378 3183 4447 ἄλλην
3223 4354 3577 4449 κατάστασιν,
3610 4388 3703 4439 καὶ
3740 4354 3806 4457 δή
3843 4354 3939 4443 έαι
3965 4394 4023 4444 τὸ

763 4444 1149 4515 dentioresque
1175 4447 1285 4500 sint
1308 4486 1323 4510 ,
1362 4462 1428 4500 an
1462 4449 1728 4516 patientes
1759 4449 2039 4519 plagarum
2086 4462 2140 4507 et
2190 4454 2329 4508 telo-

760 4551 881 4589 rum
906 4536 1082 4602 initio,
1104 4546 1291 4606 postea
1313 4549 1498 4594 autem
1530 4539 1596 4593 ad
1627 4540 1870 4609 praelium
1900 4540 2337 4601 dimicationem-

763 4642 871 4696 que
906 4628 1337 4684 vehementiores
1365 4632 1658 4686 exsistant.

827 4826 917 4882 20.
961 4828 1167 4883 Bellum
1193 4829 1359 4883 etiam
1410 4831 1586 4900 ipsum
1620 4831 1718 4887 tibi
1755 4835 2194 4903 cognoscendum
2227 4845 2336 4905 est,

760 4916 1007 4985 nunquid
1046 4918 1229 4982 breve,
1266 4928 1483 4987 propter
1516 4921 1853 4977 celeritatem
1913 4924 2247 4992 dimicandi,
2282 4934 2338 4981 et

762 5020 984 5079 propter
1010 5021 1350 5065 commeatus
1377 5014 1735 5084 pecuniasque
1768 5015 2033 5087 inopiam,
2058 5033 2125 5071 an
2157 5019 2337 5088 potius

760 5104 965 5172 impetu
997 5104 1305 5159 animorum
1358 5115 1414 5161 et
1462 5106 1779 5164 incitatione
1821 5111 1998 5165 celere
2027 5111 2252 5166 exsistat
2280 5120 2334 5167 et

760 5194 1076 5247 vehemens.
1957 5183 1993 5230 ἳ-

828 5284 919 5339 ει.
962 5285 1189 5340 Talibus
1230 5285 1286 5340 in
1336 5288 1493 5344 hellis
1529 5303 1627 5358 pro
1658 5289 1897 5345 hostium
1931 5299 2124 5347 natura
2158 5302 2213 5349 et
2243 5310 2335 5349 co-

760 5383 916 5438 natu,
948 5384 1002 5430 et
1050 5393 1151 5447 pro
1206 5379 1482 5434 universis
1534 5381 1751 5435 illorum
1802 5382 1999 5451 copiis,
2027 5385 2330 5440 exercitum

762 5481 912 5524 tntum
942 5471 1259 5540 apparabis,
1295 5472 1379 5526 vel
1407 5473 1474 5527 ad
1496 5473 1867 5528 fortitudinem
1893 5475 2335 5547 celeritatemque

763 5561 1005 5626 illorum,
1037 5561 1119 5616 vel
1150 5570 1343 5618 contra
1373 5562 1440 5617 ad
1478 5564 1764 5619 audaciam
1792 5565 2156 5636 timoremque
2180 5606 2197 5633 ,
2228 5568 2339 5623 iras

2442 4464 2667 4517 ἐκείνων
2722 4468 3036 4538 στράτευμα
3088 4472 3315 4542 πότερον
3360 4475 3618 4541 ὀξύτατον
3678 4481 3829 4533 ἔστιν
3886 4485 4021 4553 πρὸς

2440 4557 2539 4620 τὰς
2575 4559 2971 4631 ἐπιχειρήσεις,
2998 4563 3094 4616 καὶ
3141 4564 3279 4635 πρὸς
3308 4567 3405 4628 τὰς
3437 4568 3658 4638 πρώτας
3685 4574 3868 4642 ὁρμὰς
3892 4576 4021 4645 δρα-

2450 4650 2715 4721 στικὸνμῆ
2764 4653 2900 4720 πρὸς
2965 4654 3294 4725 μακρόθυμα
3354 4658 3451 4710 καὶ
3507 4663 3837 4733 χρονοτριϐῆ
3886 4668 4023 4736 ἔργα

2446 4740 2646 4808 μᾶλλον
2670 4740 3132 4811 ὲγγεγύμνασται.

2517 4838 2585 4884 κ’.
2620 4831 2829 4901 Χρὴδέ
2871 4850 2930 4886 σε
2962 4834 3345 4903 διαγινώσκειν
3402 4842 3493 4893 καὶ
3520 4841 3685 4895 αὐτὸν
3730 4843 3823 4897 τὸν
3866 4848 4022 4900 πόλε-

2444 4940 2566 4991 μον,
2596 4925 2827 4995 πότερον
2859 4927 3210 4997 πολυχρόνιός
3239 4933 3406 4996 ἐστιν,
3431 4934 3524 4985 καὶ
3546 4933 3635 4987 διά
3667 4953 3813 4999 τινος
3840 4938 4017 4992 δαπὰ-
4108 4937 4115 4957 ¹

2438 5029 2535 5082 νης
2595 5017 2974 5087 χρημάτων,ῆ
3007 5019 3208 5088 μᾶλλον
3250 5021 3472 5093 ὀξύτητι
3505 5025 3696 5097 ῥώμης
3740 5028 4019 5102 ὀλιγοχρό-

2440 5121 2551 5169 νιος
2573 5108 2668 5160 καὶ
2706 5109 3131 5180 ὲπιχειρητικὸς.

2512 5286 2617 5342 καί,
2667 5288 2756 5341 Ἐν
2808 5288 2866 5342 δὲ
2922 5292 3035 5354 τοῖς
3088 5292 3351 5357 τοιούτοις
3406 5294 3662 5365 πολέμοις
3714 5298 4015 5370 ἀντιπαρα-

2441 5383 2705 5445 σκευάζου
2730 5384 2867 5455 πρὸς
2891 5383 2986 5448 τὰς
3017 5384 3125 5438 τῶν
3151 5387 3408 5439 ἐναντίων
3434 5386 3633 5457 ψυχὰς,
3670 5391 3767 5442 καὶ
3792 5393 3933 5461 πρὸς
3959 5393 4015 5445 τδ

2439 5474 2559 5528 ὅλον
2587 5473 2767 5528 αὐτῶν
2791 5476 3126 5547 στράτευμα,
3147 5477 3264 5547 ἦτοι
3294 5478 3429 5547 πρὸς
3445 5474 3707 5550 ἀνδρείας
3742 5483 3840 5535 καὶ
3894 5483 4014 5548 ὀξύ-

2442 5583 2637 5637 τητας,
2665 5565 2698 5635 ἦ
2753 5566 2849 5621 καὶ
2885 5566 3021 5637 πρὸς
3056 5566 3125 5621 τὰ
3158 5566 3366 5622 τούτων
3412 5569 3652 5636 ἐναντία,
3682 5571 3858 5641 ἧγουν
3921 5574 4011 5643 φό-

2277 5679 2506 5737 ΝΟΤΕ.

834 5744 944 5814 (ϋὸ)
976 5746 1088 5802 Kal
1114 5747 1466 5816 θεαρέστως.
1500 5746 1823 5819 Legebatur,
1858 5749 1951 5804 xui
1975 5749 2178 5821 θεαρ...
