4200 6438
149 418 294 480 1085

1357 409 1689 468 TACTICA.
1725 433 1790 441 -
1823 407 2218 468 EPIIDGUS.

3265 413 3401 475 1086

145 530 280 601 μηδὲ
317 525 629 593 πολύλογος,
665 525 731 592 τῇ
763 521 820 574 δὲ
851 521 1036 589 ἐσθῆτι
1071 519 1308 588 μέτριος.
1335 520 1429 570 καὶ
1458 518 1535 586 τῷ
1581 519 1714 587 σχή-

1835 532 2041 583 .oquax.
2076 517 2310 580 Vestitu,
2367 515 2580 578 habitu,
2620 516 2838 573 incessu
2877 518 3226 585 moderatus;
3262 521 3400 576 invi-

143 640 294 691 ματι,
332 617 520 686 καὶτῷ
542 615 857 685 βαδίσματι.
909 613 1016 665 Καὶ
1055 611 1258 681 μᾶλλον
1289 611 1399 662 τῶν
1425 608 1601 661 ἄλλων
1653 609 1715 661 τὸ

139 712 496 778 ἀνεπίφθονον
549 705 963 776 παραφύλαττε,
995 699 1134 755 ὥστε
1193 702 1270 772 μὴ
1319 700 1610 754 δάκνεσθαι
1635 700 1713 769 τῷ

138 806 319 874 φθόνῳ
366 802 494 872 περὶ
563 799 690 860 τοὺς
754 797 1160 866 συστρατήγους
1199 811 1250 845 τι
1295 791 1712 860 κατορθοῦντας,

138 895 275 949 ἀλλᾶ
315 890 512 960 ζηλοῦν
543 888 743 959 μᾶλλον
805 887 900 940 καὶ
949 882 1231 957 μιμεῖσθαι
1265 884 1360 936 καὶ
1417 879 1715 946 συναγωνίτο

138 988 332 1053 ζεσθαι
351 987 464 1047 τοῖς
499 980 950 1056 στρατευομένοις
980 978 1116 1048 πρὸς
1148 975 1364 1029 ἅπαντα
1388 976 1456 1027 τά
1506 971 1715 1041 συμφέ-

143 1099 326 1152 ροντα.

214 1172 320 1240 μδ’.
348 1168 438 1238 Τῷ
468 1169 524 1221 δὲ
557 1164 748 1235 ἀγαθῷ
783 1160 1076 1233 στρατηγῷ
1103 1161 1261 1231 χρέος
1285 1159 1430 1212 ἐστὶν
1457 1156 1590 1225 πρδις
1611 1155 1716 1206 πᾶν

139 1263 292 1325 ἔθνος
310 1264 380 1332 ἀρ
388 1260 688 1331 μοζομένῳ,
706 1256 998 1327 διαφόρους
1014 1253 1150 1324 πρὸς
1167 1255 1395 1306 ἕκαστον
1409 1249 1507 1311 τὰς
1521 1263 1718 1317 στρατ-

138 1353 301 1420 ηγίας
326 1350 677 1403 ἐπινοεῖσθαι.

217 1611 324 1681 με’.
353 1611 417 1665 Εἰ
445 1610 502 1663 δέ
533 1627 662 1664 ποτε
697 1611 790 1664 καὶ
824 1608 1122 1679 ναυαρχίας
1177 1607 1551 1674 ἐπιστήσεται,
1584 1604 1722 1660 ἀκύ-

145 1721 346 1772 μαντον
378 1702 466 1773 τὴν
495 1701 589 1754 τοῦ
624 1702 812 1754 στόλου
859 1699 1012 1763 τάξιν
1051 1699 1389 1768 διαφυλάξει,
1440 1697 1724 1767 ἐμπείρως

141 1795 282 1863 ἔχων
320 1793 421 1862 τῆς
451 1792 543 1846 τοῦ
580 1793 741 1862 ἀέρος
795 1792 987 1861 φορᾶς,
1045 1791 1139 1844 καὶ
1186 1791 1284 1853 τάς
1317 1790 1578 1860 οὐραγίας
1607 1788 1718 1857 (70)

1822 608 1963 660 diam
1997 623 2060 661 ex
2093 609 2344 661 omnibus
2377 607 2541 660 rebus
2572 621 2784 662 summe
2811 609 3014 674 devita,
3050 624 3227 678 neque
3257 610 3399 663 utili-

1823 698 1970 752 tibus
2019 708 2240 752 strenue
2293 713 2405 753 rem
2458 699 2697 767 aliquam
2730 702 3048 768 gerentibus
3077 719 3141 756 ea
3174 711 3226 757 te
3263 717 3410 759 mor-

1821 793 1965 854 deat,
2004 791 2101 846 scd
2148 792 2333 844 laudes
2362 807 2456 845 eos
2489 792 2673 861 potius
2701 799 2754 845 et
2783 791 3050 860 imiteris,
3086 805 3143 851 et
3177 796 3406 867 adiuves

1823 885 1888 939 ad
1923 888 2149 941 honesta
2179 884 2362 937 omnia
2393 885 2769 956 suscipienda.

1889 1150 1979 1204 ut.
2024 1146 2480 1217 Unumquemque
2516 1149 2901 1218 imperatorem
2949 1167 3050 1222 par
3094 1159 3182 1207 est
3210 1153 3403 1208 adver.

1822 1258 1917 1297 sus
1950 1242 2111 1294 ullam
2147 1242 2420 1295 nationem
2451 1242 2652 1297 bellum
2691 1244 3110 1312 suscipientem,
3142 1247 3407 1314 cogitare,

1819 1344 2249 1401 etcagnoscere,
2287 1348 2534 1402 quaenam
2573 1332 2741 1386 forma
2789 1334 2924 1388 aciei
2958 1335 3175 1389 illorum
3227 1337 3319 1402 sit,
3353 1348 3408 1391 et

1821 1426 2023 1495 quibus
2073 1426 2416 1494 potissimum
2490 1424 2741 1480 artiﬁciis
2800 1427 3405 1497 machinationibusque

1823 1518 1879 1572 in
1918 1519 2057 1572 bello
2090 1528 2342 1572 utuntur.

1893 1612 1982 1666 45.
2027 1613 2122 1667 Sin
2162 1613 2339 1664 navali
2388 1611 2559 1664 classi
2609 1612 2957 1680 praeﬁciatur,
2992 1613 3296 1681 provideat,
3346 1620 3409 1667 ut

1823 1721 1892 1760 ne
1935 1705 2131 1759 classis
2165 1702 2442 1772 aliquibus
2483 1702 2586 1756 sali
2620 1703 3041 1771 tempestatibus
3064 1704 3321 1768 jactetur,
3353 1713 3409 1757 et

1823 1806 2118 1861 astrorum,
2155 1794 2408 1864 aerisque
2443 1803 2622 1850 motus
2649 1794 2919 1848 observet.
2963 1794 3160 1848 Ultima
3192 1796 3407 1863 agmina

141 1885 220 1949 δὲ,
255 1886 374 1953 ἦτοι
399 1884 524 1945 τοὺς
546 1882 996 1951 ὀπισθοφύλακας
1024 1881 1302 1942 εὐτάκτως
1338 1881 1610 1946 συνάγειν,
1639 1879 1727 1931 ἵνα

1835 1889 2046 1952 classis,
2069 1897 2163 1941 aut
2190 1887 2326 1942 aciei
2355 1886 2606 1940 ordinate
2631 1885 2696 1939 ad
2729 1901 2788 1940 se
2815 1887 3057 1956 colligat,
3077 1901 3143 1943 ne
3171 1887 3411 1940 locorum

146 1979 221 2047 μὴ
250 1977 356 2028 ὐπὸ
385 1976 572 2037 τόπου,
598 1976 631 2044 ἢ
665 1975 769 2026 ὐπὸ
795 1974 962 2042 ζάλης
1010 1971 1324 2034 Θαλαττίας,
1376 1971 1407 2040 ἢ
1435 1971 1538 2023 ὑπὸ
1569 1970 1726 2023 πολε-

147 2067 288 2134 μίων
309 2063 744 2134 ἀναγκαζόμενοι
763 2063 1091 2132 φθείροιντο.

221 2156 341 2228 μς¹.
371 2160 460 2208 Δεῖ
484 2158 540 2209 δέ
575 2173 633 2208 σε
654 2155 967 2223 γινώσκειν,
998 2149 1042 2208 ὦ
1064 2153 1359 2224 στρατηγὲ,
1394 2154 1488 2206 καὶ
1516 2152 1730 2217 ἐξὸσων

144 2249 366 2318 τρόπων
389 2249 440 2299 al
479 2247 647 2316 μάχαι
671 2244 1130 2299 συνάπτονται.Ἢ
1161 2245 1269 2312 γάρ
1293 2247 1356 2296 ἐκ
1376 2242 1732 2313 παρατάξεως

145 2340 292 2392 κατά
329 2338 638 2409 πρόσωπον,
674 2338 706 2407 ἢ
754 2340 818 2389 ἐκ
848 2333 1264 2405 παραλογισμοῦ
1296 2336 1438 2387 κατά
1486 2335 1726 2404 μέθοδον,

146 2432 178 2501 ἢ
203 2431 388 2483 τόπων
411 2429 904 2497 άποστερίσκοντας
925 2426 1155 2497 ὀχυρῶν,
1180 2426 1212 2494 ἢ
1249 2426 1430 2495 χώραν
1455 2425 1511 2490 ἐξ
1542 2424 1731 2492 ἐφόδου

147 2522 492 2592 φθείροντας,
524 2520 557 2588 ἢ
584 2517 981 2588 δενδροτομίας,
1006 2518 1038 2587 ἢ
1061 2516 1425 2585 σιτοφθορίας,
1454 2515 1485 2582 ἢ
1510 2513 1734 2582 δώματα

148 2612 632 2684 ἐμπυρίζοντας,ἧ
662 2611 1076 2682 λεηλατοῦντας,
1106 2603 1731 2677 ἢαὶχμαλωτίζοντας,ἢ

151 2703 364 2754 ὑδάτων
424 2698 894 2771 ἀποστεροῦντας,
944 2697 977 2768 ἢ
1032 2696 1092 2760 ἐξ
1149 2696 1371 2766 ἐνέδρας
1429 2692 1733 2764 ἐπερχομέο

149 2812 296 2858 νους.

229 2973 338 3044 μζ.
383 2974 752 3026 Συνάπτονται
805 2971 861 3022 δὲ
911 2971 967 3022 αἱ
1008 2967 1180 3039 μάχαι
1213 2967 1278 3019 ἐκ
1317 2965 1545 3028 τούτων,
1606 2962 1735 3015 ὅταν

152 3067 438 3136 αἰφνιδίως
469 3065 664 3134 ἐπιστῇ
711 3064 1027 3134 στράτευμα
1069 3057 1458 3128 στρατεύματι,
1504 3055 1598 3107 καὶ
1638 3070 1732 3106 πο‹

152 3159 333 3229 ταμὸν
374 3156 702 3209 διαϐαίνοντι
745 3155 823 3223 τῷ
875 3151 1114 3221 πολεμίῳ
1183 3151 1492 3210 συνάπτειν,
1531 3147 1624 3199 καὶ
1663 3144 1737 3208 ὡς

168 3250 396 3310 στενοὺς
431 3247 630 3308 τόπους
657 3245 714 3311 ἐξ
747 3243 1085 3313 εὐρυχωρίας
1114 3238 1618 3310 μεταλλασσομένῳ,
1646 3240 1736 3289 καὶ

157 3342 274 3395 ἀπο
301 3339 504 3392 στενῶν
529 3339 708 3390 τόπων
739 3337 818 3398 εἱς
845 3332 1187 3404 εὐρυχωρίαν
1217 3330 1620 3398 καθισταμένῳ,
1648 3329 1739 3380 καὶ

159 3435 333 3502 μήπω
363 3427 796 3498 συντεταγμένῳ.
819 3428 926 3479 Καὶ
950 3426 1074 3478 ὅταν
1101 3423 1410 3494 μεταλλαγῇ
1431 3420 1542 3491 (7i)
1570 3419 1740 3488 ἀθρόα

157 3524 255 3576 τοῦ
287 3520 553 3591 στρατοῦν
580 3519 688 3570 τῶν
724 3516 996 3586 πολεμίων
1051 3515 1302 3583 γένηται,
1342 3512 1438 3564 καὶ
1495 3511 1624 3562 ὅταν
1683 3511 1740 3561 ἐν

157 3616 353 3676 τόποις
387 3609 823 3665 κατακλεισθῶσι
851 3606 1323 3673 δυσδιεξοδεύτοις,
1351 3606 1444 3656 καὶ
1470 3603 1598 3655 ὅταν
1627 3601 1734 3654 τῶν

163 3707 486 3774 ἀναγκαίων
512 3705 888 3774 ἀπορήσωσιν,
924 3700 1018 3754 καὶ
1045 3700 1174 3753 ὅταν
1197 3700 1276 3760 είς
1303 3697 1454 3750 νόσον
1493 3694 1552 3746 τὸ
1578 3693 1741 3762 στρά-

161 3816 346 3868 τευμα
369 3797 478 3850 τῶν
506 3795 764 3850 ἐναντίων
794 3795 1034 3863 ἐμπέσῃ,
1067 3792 1160 3846 καὶ
1182 3792 1310 3844 ὅταν
1341 3788 1445 3842 ὐπὸ
1475 3787 1740 3856 χειμῶνος

163 3888 498 3960 παραλόγως
547 3885 907 3956 ἐνοχληθῶσιν
941 3887 973 3954 ἢ
1012 3881 1440 3951 ἐναπολειφθῶσι
1485 3879 1736 3950 χειμῶνι,

163 3985 264 4036 καὶ
294 3982 425 4034 ὃταν
446 3979 554 4032 άπὸ
582 3978 689 4031 τῶν
713 3977 991 4047 ἡμερινῶν
1025 3976 1201 4027 πόνων
1224 3974 1292 4027 τὰ
1321 3971 1547 4042 σώματα
1576 3970 1741 4023 κατά-

162 4091 332 4128 κοποι
379 4073 660 4140 γενόμενοι
711 4069 886 4124 ἄσιτοί
953 4069 1057 4120 εἰσι
1097 4067 1189 4118 καὶ
1243 4064 1618 4135 νηστεύοντες.
1675 4064 1744 4114 Ἢ

164 4163 397 4233 πορείας
430 4162 648 4232 μακράς
681 4158 1025 4229 ἐμπεσούσης
1069 4158 1163 4210 καὶ
1207 4156 1373 4216 κόπος
1397 4154 1505 4207 τῶν
1538 4153 1746 4219 ἀλόγων

165 4257 266 4310 καὶ
291 4255 502 4323 ἀνδρῶν
550 4254 798 4322 γένηται,
826 4253 859 4321 ἢ
901 4253 1028 4305 ὅταν
1066 4251 1336 4320 ἄγρυπνοι
1365 4248 1628 4316 γένωνται
1661 4246 1749 4298 διά

167 4366 330 4411 τινας
355 4347 554 4409 αἰτίας.
601 4347 688 4399 Ἐν
718 4345 775 4397 δὲ
806 4346 914 4408 τοῖς
949 4346 1225 4404 ναυτικοῖς
1254 4344 1424 4412 μάχαι
1450 4340 1750 4392 συνάπτον-

163 4459 262 4494 ται
296 4440 330 4510 ἢ
361 4442 487 4494 ὃταν
527 4441 578 4491 οἱ
621 4439 870 4507 πολέμιοι
922 4435 1339 4504 ναυαγήσωσιν,
1385 4433 1418 4502 ἢ
1471 4433 1598 4486 ὃταν
1644 4433 1748 4484 ὑπὸ

167 4532 445 4604 χειμῶνος
481 4528 996 4600 ταλαιπωρηθῶσιν.

250 4631 364 4694 pq’.
396 4625 487 4676 Δεί
507 4623 568 4676 δὲ
594 4621 886 4675 εἰδέναιτά
917 4618 1142 4673 τοιαῦτα
1166 4617 1258 4670 τὸν
1287 4617 1612 4688 στρατηγὸν,
1655 4615 1749 4667 καὶ

169 4719 246 4771 τὰ
277 4719 343 4768 ἐκ
370 4715 574 4767 τούτων
607 4713 825 4767 ἐναντία
848 4712 1131 4782 γινόμενα,
1157 4711 1382 4780 προσέτι
1412 4708 1468 4760 δέ
1498 4709 1592 4759 καὶ
1626 4707 1748 4767 τούς

171 4807 628 4876 καταμερισμούς
650 4806 743 4858 τοῦ
768 4804 1022 4874 στρατοῦ,
1047 4802 1140 4856 καὶ
1164 4804 1260 4863 τάς
1283 4799 1635 4870 παρατάξεις,
1659 4798 1753 4849 xa‘t

177 4902 278 4959 τὰς
309 4897 649 4967 παραγωγὰς
674 4896 782 4949 τῶν
809 4894 1036 4960 τάξεων,
1066 4895 1159 4947 ἵνα
1183 4893 1251 4946 δι’
1288 4894 1482 4960 ὀλίγων
1519 4890 1751 4942 πείθων-

174 5009 289 5045 ται.
328 4990 539 5042 Εἰόέναι
591 4989 646 5041 δὲ
688 4991 782 5042 καὶ
836 4990 906 5042 τά
947 4988 1063 5058 εἴδη
1109 4987 1218 5040 τῶν
1251 4983 1752 5056 παραγγελμάτων.

255 5080 365 5152 μθ’.
405 5080 514 5132 Καὶ
560 5080 697 5150 πρὸς
745 5080 842 5148 μὲν
895 5079 994 5142 τὰς
1045 5076 1504 5149 ἀπηριθμημένας
1536 5075 1755 5143 ἀπάσης

178 5173 280 5242 τῆς
317 5171 496 5241 μάχης
542 5171 795 5233 ἐπιϐολᾶς
828 5169 1092 5240 νουνεχῶς
1121 5168 1433 5221 ἐπιϐάλλειν
1470 5178 1529 5219 σε
1574 5182 1756 5236 παρα-ο

179 5261 543 5332 κελευόμεθα,
575 5256 618 5313 ὦ
651 5262 947 5332 στρατηγέ,
994 5260 1224 5324 καθόσον
1259 5259 1569 5329 ἐπινοήσεις
1614 5256 1756 5311 ἐνδέ-

179 5356 376 5427 χεσθαι
408 5357 504 5417 τάς
535 5357 900 5424 ἐγχειρήσεις,
936 5353 1297 5424 φυλάττεσθαι
1341 5352 1397 5404 δὲ
1449 5351 1542 5402 ἀπ’
1577 5349 1756 5402 αὐτῶν

179 5449 281 5510 τὰς
307 5447 413 5498 τῶν
477 5446 749 5517 πολεμίων
810 5446 1103 5507 ἐπιθέσεις.
1162 5446 1271 5498 Καὶ
1312 5444 1448 5514 πρὸς
1483 5443 1660 5494 πάντα
1691 5446 1760 5494 τά

180 5539 432 5602 τοιαῦτα,
475 5539 522 5590 εί
552 5538 692 5592 οὐτω
724 5537 897 5608 τύχοι,
930 5537 1272 5607 ἐμπίπτοντά
1322 5552 1379 5587 σε
1411 5535 1633 5602 φεύγειν
1660 5533 1757 5595 τὰς

183 5633 552 5704 ἐγχειρήσεις·
580 5631 616 5686 ὃ.
662 5631 769 5702 γὰρ
820 5631 1026 5701 ἑτέροις
1064 5629 1306 5700 δράσεις,
1365 5629 1430 5680 δι’
1467 5626 1645 5681 αὐτῶν
1688 5626 1756 5678 τὰ

1830 1979 2268 2049 importunitate,
2302 1985 2395 2031 aut
2427 1986 2748 2048 tempestate
2777 1979 3050 2054 maritima
3072 2019 3088 2045 ,
3119 1986 3213 2033 aut
3245 1977 3414 2033 hasti-

1832 2073 1936 2127 bus
1961 2085 2222 2140 oppressa
2251 2077 2496 2137 pereant.

1901 2161 1990 2215 46.
2035 2159 2492 2230 Coguoscendum
2523 2158 2621 2212 tibi
2653 2169 2912 2228 praterea
2936 2168 3042 2222 est,
3065 2161 3266 2230 quibus
3297 2174 3416 2213 mo—

1833 2253 1918 2308 dis
1972 2253 2154 2322 prazlia
2206 2251 2652 2313 committuntur,
2688 2253 2771 2306 vel
2821 2253 2874 2306 in
2930 2253 3049 2308 acie
3076 2252 3143 2307 ad
3179 2251 3412 2306 frontem

1833 2344 2121 2405 instructa,
2151 2344 2232 2397 vel
2265 2359 2329 2396 ex
2358 2342 2484 2395 dolo
2512 2341 2746 2410 quadam
2783 2343 3144 2405 circuitione,
3178 2343 3260 2396 vel
3292 2341 3412 2396 loca

1834 2437 2154 2504 occupando
2203 2436 2524 2499 munitiora,
2559 2434 2641 2487 vel
2679 2435 2952 2504 regionem
2988 2434 3300 2488 incursione
3326 2432 3412 2486 di-

1835 2524 2105 2593 ripiendo,
2138 2523 2218 2577 vel
2252 2523 2398 2591 ligna
2428 2521 2689 2576 czedendo
2709 2565 2723 2588 ,
2759 2524 2840 2578 vel
2872 2523 3053 2593 fruges
3079 2522 3410 2593 populando,

1835 2614 1918 2667 vel
1948 2613 2090 2667 aedes
2120 2610 2460 2666 incendendo
2484 2650 2499 2673 ,
2543 2611 2626 2665 vel
2661 2626 2823 2682 agros
2855 2613 3154 2678 vastando,
3190 2613 3273 2665 vel
3323 2627 3412 2664 ea-

1836 2705 2013 2775 ptivos
2047 2703 2395 2766 abducendo,
2434 2702 2518 2756 vel
2569 2717 2741 2771 aquas
2787 2703 3005 2756 illorum
3053 2699 3411 2765 detrahendo,

1836 2796 1920 2849 vel
1964 2794 2176 2849 insidiis
2211 2793 2530 2859 adoriendo,
2563 2793 2702 2849 bella
2749 2807 2873 2848 eum
2925 2794 3176 2849 hostibus
3209 2808 3414 2862 gerun-

1835 2896 1947 2941 tur.

1909 2977 1995 3030 47.
2037 2974 2468 3046 Committuntur
2506 2975 2670 3029 etiam
2701 2974 2968 3044 pugnaein
3009 2975 3172 3041 bello,
3197 2974 3415 3046 quando

1839 3067 2022 3123 subito
2081 3066 2290 3120 invadit
2350 3067 2623 3120 exercitus
2676 3067 3016 3131 exercitum,
3074 3076 3129 3120 et
3186 3067 3410 3119 lluviutu

1842 3166 2214 3214 transeuntem
2251 3158 2461 3211 hostem
2497 3157 2744 3210 adoritur
2769 3198 2784 3222 ,
2824 3167 2879 3210 et
2925 3173 2955 3212 c
2991 3158 3249 3226 spatiosis
3279 3157 3416 3210 locis

1843 3257 1895 3307 in
1925 3255 2213 3322 angustum
2243 3253 2542 3320 compellit,
2571 3262 2624 3305 et
2659 3267 2723 3306 ex
2761 3251 3012 3320 angustis
3042 3251 3178 3304 locis
3208 3254 3261 3303 in
3289 3265 3412 3318 spa-

1841 3343 2065 3396 tiosiora
2113 3343 2324 3395 hostem
2375 3341 2616 3393 nondum
2679 3341 3008 3394 instructum
3063 3340 3289 3405 educit,
3357 3347 3409 3392 et

1839 3434 2059 3503 quando
2107 3433 2458 3484 commutatio
2495 3431 2674 3484 subita
2714 3441 2799 3485 est
2828 3431 2947 3499 ejus
2986 3432 3080 3501 qui
3116 3432 3302 3485 hostes
3337 3431 3415 3483 vi-

1840 3535 2010 3587 cerat,
2040 3532 2093 3579 et
2123 3525 2346 3594 quando
2375 3525 2424 3577 in
2464 3524 2600 3578 locis
2633 3523 2985 3577 includuntur
3011 3524 3078 3576 ad
3106 3522 3419 3578 exeundum

1840 3616 1870 3670 d
1900 3615 2176 3676 ﬂicilihus.
2208 3626 2260 3670 et
2290 3615 2510 3685 quando
2546 3615 2709 3669 rebus
2740 3617 3068 3670 necessariis
3100 3615 3416 3670 destituun-

1839 3717 1949 3769 tur,
1986 3716 2040 3761 et
2085 3706 2303 3776 quando
2332 3707 2388 3760 in
2423 3708 2660 3775 aliquam
2701 3705 3055 3760 oﬂ‘ensiouem
3086 3704 3424 3760 valetudinis

1840 3798 2080 3852 hostium
2128 3797 2297 3867 copia:
2350 3798 2574 3860 cadunt,
2624 3797 2846 3866 quando
2876 3796 3204 3850 adventante
3239 3796 3426 3849 hieme

1841 3891 2080 3960 graviter
2130 3890 2548 3958 perturbantur,
2600 3897 2694 3941 aut
2736 3889 2854 3957 ipsa
2902 3888 2958 3942 in
3001 3874 3186 3942 hieme
3227 3885 3425 3941 defeeti

1844 3983 2177 4037 necessariis
2211 3990 2370 4044 sunt,
2400 3980 2621 4050 quando
2649 3980 2864 4033 diurnis
2892 3979 3177 4034 laboribus
3209 3978 3426 4043 lassati,

1847 4073 2029 4126 inedia
2094 4074 2224 4135 eihi,
2261 4073 2618 4142 potionisque
2645 4079 2940 4125 vexantur.
2975 4069 3068 4124 Vel
3105 4071 3148 4124 si
3180 4072 3285 4123 iter
3313 4086 3429 4123 ma-

1849 4182 2014 4236 guum
2059 4167 2340 4235 contingat
2362 4205 2376 4230 ,
2439 4174 2553 4218 tum
2583 4164 2855 4229 homines,
2886 4174 2997 4218 tum
3035 4163 3285 4232 jumenta
3317 4163 3426 4215 las-

1849 4270 2062 4322 sentur,
2113 4260 2194 4311 vel
2228 4258 2445 4326 quando
2485 4256 2648 4310 nimis
2693 4255 2888 4326 vigiles
2921 4255 3086 4308 certis
3131 4254 3197 4308 de
3247 4254 3432 4307 causis

1852 4360 1999 4412 Sunt,
2050 4352 2131 4403 vel
2166 4351 2386 4418 quando
2423 4348 2666 4419 [meliqu
2706 4347 2899 4401 navale
2935 4346 3042 4400 illis
3079 4345 3300 4410 accidit,
3349 4345 3433 4398 vel

1852 4442 2072 4511 quando
2111 4442 2297 4495 hostes
2348 4441 2697 4510 naufragium
2751 4438 2976 4494 fecerint
3005 4477 3020 4501 ,
3081 4438 3160 4491 vel
3196 4437 3421 4506 quando

1775 4554 1827 4612 D
1856 4533 2037 4586 hieme
2067 4535 2472 4585 excruciantur.

1924 4623 2012 4678 48.
2057 4623 2181 4677 llaec
2211 4623 2415 4687 omnia,
2455 4623 2760 4689 horumque
2802 4619 3083 4673 contraria
3129 4617 3430 4687 imperator

1854 4722 2170 4786 cognoscat.
2193 4714 2499 4768 Divisiones
2533 4722 2794 4782 praeterea
2822 4712 3116 4773 exercitus,
3137 4709 3429 4763 deductio-

1855 4826 1954 4864 nes
1977 4809 2242 4871 acierum,
2284 4817 2341 4859 ut
2367 4806 2526 4860 facile
2555 4806 2953 4875 obtemperent,
2981 4817 3181 4872 genera
3212 4814 3432 4871 quoque

1857 4901 2244 4954 mandatorum
2289 4908 2648 4967 cognoscant.

1934 5076 2024 5130 49.
2069 5075 2272 5130 Prreter
2305 5076 2403 5130 has
2437 5074 2726 5144 praedictas
2759 5089 2952 5130 omnes
2996 5075 3123 5129 belli
3169 5073 3433 5144 irruptio-

1866 5183 1998 5233 nes,
2055 5166 2356 5236 prudenter
2405 5173 2463 5219 ut
2511 5166 2695 5219 hostes
2739 5165 3009 5219 adoriaris
3059 5165 3431 5234 praecipimus,

1866 5266 2132 5326 quantum
2191 5258 2387 5312 subita":
2433 5272 2615 5311 rerum
2652 5257 3042 5326 aggressiones
3084 5255 3432 5326 prudentiam

1868 5352 2156 5405 admittere
2213 5360 2463 5420 possunt.
2528 5347 2776 5404 llostiutn
2835 5357 3018 5403 autem
3084 5347 3435 5402 incursiones

1868 5452 2134 5512 quantum
2170 5452 2321 5512 potes
2348 5441 2578 5504 devites,
2622 5447 2677 5493 et
2708 5439 2890 5494 omnia
2920 5437 3268 5507 hujusmodi,
3313 5451 3435 5506 qur

1868 5533 2105 5587 incidere
2134 5541 2384 5602 possunt,
2419 5532 2726 5601 propulses.
2780 5531 2911 5596 Quae
2962 5530 3105 5585 enim
3150 5533 3203 5582 in
3246 5529 3434 5583 hostes

1865 5628 2067 5681 inferre
2095 5626 2326 5696 cogites,
2360 5625 2550 5679 eadem
2578 5640 2718 5693 swpc
2749 5638 2980 5678 uuntcro
3015 5622 3082 5676 ah
3114 5623 3221 5676 illis
3258 5621 3434 5690 patie-

1698 5738 1925 5794 NOTAE.

256 5849 369 5922 (7U)
389 5846 496 5902 Καὶ
515 5849 621 5913 τὰς
632 5846 934 5915 οὐραγίας.
958 5842 1330 5907 Scribebatur,
1356 5839 1453 5904 τὰς
1475 5838 1753 5908 οὐρανίας.

1939 5837 2053 5906 (7i)
2086 5835 2269 5888 Ὅταν
2298 5830 2596 5903 μελλαγῆ.
2628 5831 2838 5898 Scribe,
2869 5831 2998 5885 ὅταν
3026 5829 3358 5900 μεταλλαγὴ.
