4200 6438
780 377 915 445 1087

2027 382 2304 447 LEONIS
2334 386 2432 445 PH
2444 387 2460 444 i
2474 386 2792 447 LOSOl’liI

3889 383 4030 447 1088

776 500 876 565 ris,
920 509 977 555 et
1018 499 1141 553 aliis
1185 512 1406 567 quoque
1466 498 1797 568 quibusdam
1850 499 2230 556 molitionibus
2277 502 2346 556 ab

2474 519 2608 569 ημοια
2640 502 2834 565 πάθοις
2867 499 3030 555 πάλιν
3060 499 3152 568 ὑφ’
3176 501 3381 571 ἑτέρων
3410 502 3477 556 δι’
3507 500 3688 555 αἰτῶν
3709 500 3848 569 (72).
3882 504 3934 554 εί
3971 506 4051 571 μή

776 591 1031 648 hostibus
1085 589 1404 655 invaderis,
1476 592 1583 646 nisi
1652 600 1853 657 caute,
1924 600 1982 646 et
2047 592 2351 662 prudenter

2474 591 2570 643 .ίαν
2603 590 2769 655 ὀξέως
2807 592 2901 645 καὶ
2942 590 3212 660 νουνεχῶς
3250 593 3518 662 ἐπιϐάλῃς
3554 594 3669 656 τοῖς
3708 592 4051 661 ἐμπίπτουσι

778 680 1226 748 circumspicias,
1278 690 1332 737 et
1379 697 1502 752 qua:
1546 682 1693 736 facto
1731 697 1873 752 opus
1919 691 2049 738 sunt
2098 684 2205 739 illis
2251 699 2352 755 0p-

777 789 972 845 ponas.

845 866 933 922 50.
956 865 1025 920 lis
1049 867 1176 921 anni
1198 865 1538 936 temporibus
1554 866 1813 923 excursio
1840 865 2113 930 facientia,
2130 867 2353 936 quando

777 957 969 1026 fruges
1000 967 1153 1014 sunt.

848 1051 937 1107 51.
980 1054 1035 1104 1η
1063 1052 1181 1104 acie
1213 1050 1538 1105 instruenda
1567 1050 1740 1105 solem
1777 1064 1805 1103 a
1840 1056 2016 1118 tergo,
2052 1055 2107 1103 et
2131 1056 2352 1104 ventum

780 1143 988 1198 habeas
1007 1184 1023 1209 ,
1053 1153 1107 1198 et
1132 1142 1190 1196 in
1230 1141 1474 1199 hostium
1500 1142 1679 1197 oculis
1713 1147 2006 1211 utrumque
2033 1141 2354 1197 collocabis.

849 1404 939 1460 52.
981 1404 1203 1481 Voculis
1237 1406 1292 1460 in
1331 1406 1655 1463 mandandis
1680 1406 1850 1465 rebus
1872 1409 2007 1477 eris,
2045 1410 2354 1478 animosus,

780 1498 1113 1551 concinnam
1157 1498 1364 1552 habens
1388 1511 1600 1553 vocem.

850 1672 940 1726 55.
984 1670 1249 1727 Naturam
1307 1672 1433 1727 belli
1481 1680 1625 1729 artes
1669 1674 1803 1742 ipsae
1848 1674 2131 1743 adjuvant,
2192 1674 2356 1743 cujus

2455 682 2549 736 καὶ
2588 682 2865 754 ἀντιτιθῇς
2892 686 3011 746 ταῖς
3035 682 3304 750 ἀνάγκαις
3338 683 3406 736 τά
3434 684 3643 737 δέοντα.

2527 858 2589 914 ν’.
2637 859 2725 913 Ἐν
2757 860 2815 913 δὲ
2839 860 3056 923 τούτοις
3103 864 3215 927 τοῖς
3251 863 3468 934 χρόνοις
3518 862 3614 916 τοῦ
3647 862 3899 918 ἐνιαυτοῦ
3930 863 4052 916 δέον

2457 968 2517 1004 σε
2545 951 2643 1015 τὰς
2672 952 3029 1021 ἐκστρατείας
3054 953 3351 1020 ποιεῖσθαι,
3382 956 3513 1008 ὅταν
3545 955 3685 1007 εἰσὶν
3711 957 3761 1007 oi
3812 956 4047 1025 καρποῖ.

2530 1043 2634 1099 va'.‘
2679 1046 2767 1098 'Ev
2792 1045 2850 1099 δὲ
2879 1047 2996 1109 ταῖς
3026 1048 3252 1101 στάσεσι
3279 1047 3389 1101 τῶν
3415 1048 3777 1117 παρατάξεων
3802 1047 3873 1100 τά
3902 1050 4055 1101 ὲναει-

2456 1136 2547 1189 τία
2576 1142 2862 1207 πνεύματα
2892 1136 3036 1192 κατά
3066 1138 3237 1193 νώτου
3260 1140 3556 1202 ποιεῖσθαι,
3584 1141 3681 1193 καὶ⁹
3702 1142 3797 1194 τὸν
3817 1142 3974 1211 ἣλιον
3993 1144 4053 1195 δὲ

2455 1222 2719 1290 ὡσαύτως
2752 1227 2896 1280 κατά
2924 1226 3025 1291 τὰς
3056 1228 3362 1298 πολεμικάς
3411 1230 3651 1297 ἀγωνίας
3684 1231 3742 1283 ὲν
3786 1230 3914 1299 ὅψει
3941 1233 4054 1285 τῶν

2458 1316 2719 1371 ἐναντίων
2746 1321 2941 1372 ποιεῖν.

2531 1406 2630 1477 νβ’.
2668 1406 2824 1463 Εἶναι
2864 1411 2922 1463 δέ
2954 1429 3013 1464 σε
3052 1411 3134 1465 δεῖ
3177 1410 3564 1483 μεγαλόφωνον
3590 1415 3648 1467 ἐν
3679 1416 3794 1476 τοῖς
3829 1432 4053 1483 παραγ-

2458 1499 2764 1571 γέλμασιν,
2826 1503 2925 1558 καὶ
2968 1505 3272 1576 εὐθαρσὲς,
3326 1506 3422 1559 καὶ
3484 1507 3725 1576 ἐμμελὲς
3778 1507 3929 1576 ἔχειν
3992 1509 4056 1560 τὸ

2503 1590 2705 1647 θέγμα.

2503 1608 2560 1644 οε
2648 1609 2705 1647 α.

2461 1610 2497 1660 φ
2671 1683 3005 1755 Συνεργοῦσι
3035 1686 3091 1739 δὲ
3114 1689 3180 1757 τῇ
3208 1686 3369 1755 φύσει
3387 1685 3481 1740 τοῦ
3523 1687 3763 1757 πολέμου
3811 1683 3973 1743 αὗται
3999 1691 4053 1742 αἱ

778 1761 999 1832 generis
1047 1769 1176 1816 sunt
1232 1761 1541 1832 disciplinas
1582 1762 1874 1827 armandi,
1906 1763 2183 1817 rationum
2220 1765 2353 1819 sub-

2474 1774 2665 1843 ςέχναι,
2697 1769 2809 1831 οἷον
2833 1777 3110 1849 ὁπλιτικὴ,
3144 1778 3451 1851 λογιστικὴ,
3474 1781 3897 1853 ἀρχιτεκτονικὴ
3918 1782 4051 1850 ('73),

779 1854 1187 1917 ducendarum,
1227 1854 1468 1908 acierum
1506 1854 1981 1921 instrucndarum,
2015 1856 2356 1911 architectu-

779 1960 875 2008 τω,
907 1955 1206 2013 astrorum,
1236 1947 1549 2003 medicinae.

2459 1866 2860 1938 ἀστρονομικὴ,
2899 1869 3170 1940 ίερατικὴ,
3215 1871 3455 1943 ἰατρική.

2539 1956 2635 2014 νδ’.
2663 1960 2842 2029 Ἔργα
2873 1961 2930 2014 δὲ
2983 1963 3086 2033 τῆς
3115 1964 3426 2032 ὁπλιτικῆς,
3482 1964 3623 2017 ὥστε
3654 1967 4057 2035 περιφράττειν

851 2037 941 2091 54.
989 2036 1292 2108 Disciplina
1338 2039 1590 2093 armandi
1643 2040 1747 2096 hoc
1794 2041 1850 2096 in
1891 2057 1951 2097 se
1989 2044 2269 2111 continet,
2302 2051 2362 2098 ut

2474 2050 2530 2105 τὰ
2559 2050 2792 2122 σώματα
2837 2052 3025 2116 ὅπλοις
3075 2055 3412 2127 συμμέτροις
3462 2055 3559 2109 καὶ
3610 2057 3925 2127 ἀρμόζουσι
3967 2060 4060 2109 καί

779 2144 1012 2200 corpora
1070 2132 1243 2185 armis
1297 2131 1640 2196 moderatis,
1699 2132 1948 2199 idoneis,
2010 2133 2213 2201 firmis,
2267 2152 2363 2191 ev-

779 2221 982 2290 quisite
1047 2219 1318 2276 confectis
1370 2229 1648 2293 tegantur.
1718 2223 1983 2294 Eligenda
2043 2224 2359 2295 hujusmodi

779 2326 1012 2383 corpora
1040 2322 1188 2380 sunt,
1227 2329 1349 2385 qua:
1370 2314 1442 2369 ad
1470 2330 1625 2371 arma
1670 2316 1937 2386 capienda
1972 2316 2171 2372 idonea
2206 2325 2359 2374 sunt.

854 2495 945 2550 55.
984 2494 1257 2560 Quantus,
1293 2492 1588 2565 qualisque
1624 2508 1903 2550 armorum
1934 2510 2074 2550 usus
2101 2510 2226 2552 esse
2265 2495 2362 2552 de-

784 2586 934 2650 beat,
990 2579 1487 2641 demonstrandum
1541 2586 1810 2642 militibus
1867 2596 1987 2653 est,
2058 2588 2366 2658 horumque

784 2677 1237 2742 exercitationes,
1295 2683 1351 2730 et
1411 2676 1796 2732 contentiones
1854 2676 1923 2730 ad
1980 2691 2197 2732 omnem
2262 2694 2363 2733 ne-

786 2772 1100 2825 cessitatem
1131 2810 1148 2836 ,
1203 2778 1259 2825 et
1322 2770 1721 2840 apparitionem
1771 2769 1944 2840 praelii
2013 2769 2368 2827 OStendendae

789 2870 940 2914 διιιη.

858 2950 947 3005 56.
990 2949 1138 3003 Cura
1186 2948 1352 3004 etiam
1402 2949 1475 3003 sit
1528 2946 1847 3012 honorum,
1896 2946 2263 3018 dignitatum,
2314 2954 2370 3002 et

788 3043 1142 3097 abundantiae
1168 3042 1551 3112 pecuniarum,
1585 3040 1789 3110 quibus
1823 3055 2000 3103 arma,
2036 3039 2369 3110 reliquaeque

2466 2142 2710 2213 ἰσχυροῖς
2744 2143 2841 2197 καὶ
2869 2142 3111 2213 ἀκριϐῶς
3144 2145 3549 2215 εἰργασμένοις,
3582 2146 3678 2199 καὶ
3710 2146 4060 2215 εὐπρέπειαν

2464 2232 2766 2302 παρέχουσι
2799 2233 2909 2286 τῶν
2936 2234 3213 2303 φερόντων
3249 2234 3391 2287 αὑτά
3443 2236 3738 2305 σωμάτων.
3796 2236 4061 2300 Ἐκλέξαο

2465 2322 2589 2375 σθαι
2627 2323 2684 2375 δὲ
2728 2325 2939 2377 δεῖκαὶ
2977 2325 3049 2378 τά
3107 2324 3356 2397 σώματα,
3409 2327 3509 2381 ὅσα
3554 2328 3694 2399 πρὸς
3744 2330 4062 2384 πανοπλίαν

2466 2414 2822 2486 ἀρμόζουσιν.

2538 2514 2633 2561 ve’.
2665 2510 2757 2560 Δεῖ
2784 2507 2841 2561 δέ
2870 2524 2929 2561 σε
2955 2508 3338 2563 ὑποδεικνύναι
3374 2514 3488 2577 τοῖς
3537 2512 3914 2583 στρατιώταις
3948 2515 4064 2577 οἵας

2468 2597 2564 2650 καὶ
2595 2598 2726 2662 ὅσας
2758 2594 2899 2655 εἶναι
2932 2600 3038 2672 χρὴ
3066 2600 3178 2653 τῶν
3207 2601 3388 2655 ὅπλων
3419 2604 3519 2666 τὰς
3549 2606 3800 2676 χρήσεις,
3842 2607 3943 2659 καὶ
3969 2609 4065 2668 τὰς

2472 2687 2702 2756 μελέτας
2734 2689 2958 2753 τούτων,
2989 2691 3086 2744 καὶ
3110 2693 3292 2755 πάσας
3315 2693 3414 2756 τὰς
3438 2695 3680 2763 ἀγωνίας
3712 2696 3856 2767 πρὸς
3883 2700 4066 2751 πᾶσαν

2469 2778 2741 2847 συσκευὴν
2768 2778 2864 2832 καὶ
2894 2780 3201 2849 γυμνασίαν
3230 2779 3368 2853 πρὸς
3394 2782 3492 2845 τὰς
3530 2783 3733 2853 μάχας.

2542 2960 2651 3017 νς·’.
2682 2953 2994 3024 Φροντίζειν
3024 2955 3081 3010 δὲ
3103 2958 3197 3009 καὶ
3223 2958 3399 3027 τιμῶν
3426 2958 3519 3011 καὶ
3547 2959 3747 3011 οὐσιῶν
3771 2962 3869 3013 καὶ
3900 2962 4066 3015 εὐπο-

2474 3043 2616 3113 ρίας.
2660 3044 2747 3109 Ἐξ
2772 3037 2847 3097 ὧν
2874 3045 2931 3097 αί
2959 3045 3181 3114 κτήσεις
3201 3045 3312 3099 τῶν
3344 3045 3522 3100 ὅπλων
3560 3048 3657 3100 καὶ
3699 3050 3758 3100 αἱ
3798 3049 4047 3104 δαπάναι

789 3151 1046 3208 expensae
1084 3137 1408 3190 necessariae
1424 3133 1747 3188 adhibendae
1776 3131 2216 3205 suppeditentur.
2244 3130 2369 3187 Haec

2474 3135 2528 3187 αἱ
2564 3134 2692 3205 περὶ
2724 3135 2794 3189 τά
2819 3134 3050 3205 σώματα
3086 3135 3358 3207 ἀρκοῦσαι
3387 3137 3625 3193 ἔσονται.
3650 3140 3845 3195 Ταῦτα
3876 3144 3981 3214 μὲν
4000 3144 4066 3197 τά

792 3229 861 3284 de
882 3240 1164 3284 armatura
1195 3228 1483 3285 hactenus.

866 3324 955 3377 57.
996 3322 1309 3393 Disciplina
1338 3322 1570 3375 rationis
1601 3318 1969 3375 subducenda:
2009 3334 2210 3374 munus
2241 3318 2369 3383 erit,

795 3414 1097 3474 exercitum
1124 3415 1178 3467 in
1207 3412 1594 3477 contubernia,
1635 3410 1806 3475 acies,
1837 3418 2068 3475 turmas,
2101 3408 2369 3478 drungos,

795 3506 1074 3570 cohortes,
1102 3503 1446 3575 quincurias,
1465 3503 1741 3569 decurias,
1775 3500 2074 3565 centurias,
2103 3500 2373 3569 reliquas-

797 3614 905 3668 que
933 3607 1140 3669 partes,
1173 3604 1337 3666 atque
1359 3595 1506 3650 acies
1528 3593 1793 3658 dividere,
1816 3601 1980 3663 atque
2010 3608 2075 3647 ex
2106 3593 2174 3647 iis
2194 3593 2376 3645 omni-

796 3692 901 3747 bus
934 3705 1028 3745 eos
1054 3703 1333 3759 separare,
1364 3695 1418 3741 et
1443 3695 1576 3757 quot
1622 3696 1803 3740 caSIra
1833 3685 2167 3751 custodiant,
2192 3686 2285 3755 qui
2317 3695 2374 3739 ct

799 3790 934 3852 quot
964 3783 1207 3836 minores
1239 3789 1394 3843 natu,
1463 3788 1519 3833 et
1551 3778 1941 3848 provectiores,
1968 3778 2170 3847 quique
2191 3778 2373 3831 claudi

801 3882 955 3939 sunt,
988 3882 1080 3927 aut
1110 3878 1331 3942 propter
1375 3870 1755 3939 aegritudinem
1792 3869 2137 3938 languentes,
2170 3869 2375 3938 quique

802 3965 868 4020 ad
904 3965 1116 4019 civilem
1151 3963 1533 4031 magistratum
1560 3999 1577 4027 ,
1612 3967 1668 4015 et
1697 3958 1766 4013 ad
1798 3973 1912 4012 rem
1969 3958 2243 4029 publicam
2284 3974 2378 4029 ge-

802 4058 1031 4114 rendam
1071 4054 1267 4110 delecti
1300 4059 1472 4120 sunt;
1502 4065 1734 4121 corpora
1769 4060 2027 4120 prmterea
2062 4048 2315 4104 florentia
2346 4064 2377 4102 a

805 4149 1079 4217 languidis
1127 4161 1439 4210 secernere,
1489 4152 1543 4199 et
1598 4144 1793 4198 horum
1843 4158 2063 4213 quoque
2111 4142 2377 4197 rationem

807 4244 1008 4298 habere
1058 4250 1173 4294 tum
1224 4237 1648 4307 magnitudinis,
1688 4242 1801 4290 tum
1849 4234 2136 4305 parvitatis
2184 4248 2381 4303 corpo-

806 4350 958 4399 rum;
1012 4331 1303 4404 praefectus
1359 4336 1619 4400 provecta
1668 4336 1828 4382 aetate
1874 4327 2123 4382 homines
2176 4325 2381 4379 consti-

806 4436 982 4493 tu‘ere,
1028 4424 1321 4493 stationem
1367 4430 1484 4476 tum
1510 4420 1657 4491 quod
1709 4419 1775 4473 ad
1807 4418 2228 4488 longitudinem,
2263 4427 2377 4471 tum

806 4522 950 4593 quod
987 4522 1051 4576 ad
1077 4517 1423 4574 altitudinem
1478 4519 1689 4583 spectat
1739 4510 2048 4575 collocare;
2076 4508 2225 4578 quali
2255 4522 2379 4561 cum

806 4628 1059 4678 numero,
1102 4621 1157 4667 et
1185 4611 1384 4681 quibus
1413 4622 1540 4663 cum
1592 4604 1843 4676 partibus
1874 4616 2215 4671 unaquaeque
2254 4614 2381 4669 pars

807 4707 874 4762 ad
901 4703 1245 4761 necessarios
1267 4710 1450 4755 motus
1472 4697 1600 4753 belli
1628 4696 2020 4751 constituatur.
2049 4690 2174 4746 Hac
2196 4690 2383 4745 omnia

807 4798 974 4871 hujus
1007 4794 1314 4866 disciplinae
1342 4801 1493 4848 sunt.

880 5059 972 5117 58.
1017 5056 1315 5128 Disciplina
1347 5053 1589 5108 acierum
1623 5046 2070 5104 instruendarum
2102 5046 2215 5099 haec
2236 5038 2303 5098 in
2328 5059 2387 5100 se

810 5153 1018 5211 habet:
1052 5150 1256 5207 formas
1306 5148 1552 5203 acierum
1602 5143 1985 5199 demonstrare
2009 5179 2026 5206 ,
2058 5138 2257 5210 quibus
2295 5146 2387 5191 aut

814 5244 1042 5300 invadas
1097 5242 1257 5303 alios,
1305 5248 1399 5293 aut
1454 5237 1522 5292 ab
1570 5235 1694 5289 aliis
1748 5232 2027 5297 invadere,
2061 5239 2114 5285 et
2164 5244 2286 5301 qua:
2317 5228 2385 5283 ad

817 5337 1054 5393 hostium
1103 5335 1363 5403 impetum
1406 5326 1790 5399 excipiendum
1822 5324 2007 5378 valent
2036 5361 2050 5386 ,
2082 5329 2138 5376 et
2167 5335 2288 5392 quae
2316 5320 2385 5374 ad

817 5430 1234 5499 impressionem
1284 5427 1337 5480 in
1367 5425 1551 5479 hostes
1584 5418 1889 5477 faciendam
1931 5417 2228 5473 maximum
2260 5429 2381 5469 mo-

2471 3224 2741 3281 ὁπλιτικά.

2541 3315 2639 3379 νζσ.
2666 3317 2994 3386 Λογιστικῆς
3019 3316 3078 3370 δὲ
3116 3317 3280 3388 ἔργον
3316 3319 3488 3384 ἐστὶν.
3522 3322 3666 3376 ὥστε
3715 3325 3977 3394 μερίζειν
4005 3326 4065 3379 τὺ

2475 3408 2788 3479 στράτευμα
2811 3412 2951 3464 κατὰ
2982 3411 3389 3484 κοντουὸέρνια,
3422 3415 3519 3469 καὶ
3546 3416 3731 3481 τάξεις
3757 3420 3857 3471 καὶ
3894 3420 4059 3487 τούρο

2478 3518 2603 3572 μας,
2645 3504 2742 3556 καὶ
2766 3504 3088 3574 δρούγγους,
3113 3506 3206 3559 καὶ
3239 3505 3427 3576 βάνδα,
3470 3507 3567 3562 καὶ
3601 3511 3943 3581 κενταρχίας
3986 3529 4063 3575 τε,

2475 3596 2571 3648 καὶ
2627 3595 2945 3668 δεκαρχίας,
2985 3597 3080 3650 καὶ
3128 3599 3486 3669 πενταρχίας,
3538 3601 3634 3654 καὶ
3688 3603 3820 3667 τοὺς
3869 3604 4065 3667 ἄλλους

2475 3684 2743 3755 ἀριθμοὺς
2777 3688 2873 3739 καὶ
2902 3686 3032 3751 ὅλας
3059 3688 3419 3759 παρατάξεις,
3454 3691 3548 3744 καὶ
3586 3692 3813 3746 πάντων
3854 3695 4065 3749 τούτων

2476 3777 2745 3831 ποιεῖσθαι
2774 3778 3063 3849 διαίρεσιν,
3114 3779 3256 3843 τίνες
3286 3782 3380 3835 καὶ
3401 3782 3515 3835 ὅσοι
3537 3783 3606 3835 τά
3644 3783 3865 3855 κάστρα
3894 3787 4067 3854 φυλά-

2479 3866 2683 3933 ξουσιν,
2719 3870 2815 3922 καὶ
2848 3870 2998 3933 τίνες
3049 3871 3146 3924 καὶ
3171 3871 3287 3925 ὅσοι
3341 3873 3509 3944 νέοιῆ
3542 3874 3800 3945 γέροντές
3845 3879 4066 3948 είσιν,ῆ

2477 3962 2751 4031 ἀνάπηροι
2785 3962 2853 4015 τὰ
2883 3962 3043 4032 μέλη,
3076 3962 3109 4033 ἦ
3139 3962 3229 4016 διὰ
3264 3964 3422 4018 νόσου
3479 3966 3754 4031 ἀδύνατοι,
3803 3971 3906 4021 καὶ
3959 3971 4067 4022 ὅσοι

2479 4053 2579 4121 τῆς
2617 4051 2903 4121 πολιτικῆς
2935 4054 3130 4125 ἀρχῆς,
3163 4057 3196 4128 ἢ
3228 4057 3359 4127 περὶ
3401 4056 3470 4109 τά
3497 4056 3734 4126 δημόσια
3762 4060 4069 4129 πράγματα

2479 4144 2825 4213 τεταγμένοι.
2867 4144 3053 4197 Ταῦτα
3111 4146 3427 4216 λογιστικῆς
3485 4146 3626 4199 είσι·
3674 4147 3963 4218 διακρῖναι
4013 4151 4068 4202 δὲ

2482 4236 2573 4290 καὶ
2630 4235 2985 4298 ἐπιλέξασθαι
3037 4236 3099 4290 τὸ
3146 4236 3333 4291 λοιπόν
3367 4237 3437 4291 τά
3475 4236 3797 4309 ἀκμάζοντα
3836 4240 4070 4312 σώματα

2483 4329 2665 4399 πάσης
2691 4327 2792 4398 τῆς
2823 4329 3104 4398 στρατιᾶς,
3132 4331 3225 4383 καὶ
3256 4329 3464 4384 τούτων
3491 4330 3584 4383 τὸν
3614 4331 3914 4401 μερισμὸν,
3940 4332 4070 4385 6nd-

2487 4435 2570 4472 σοι
2594 4421 2701 4472 εἰσὶ
2728 4420 2870 4473 κατά
2899 4436 2958 4472 τε
2997 4420 3227 4490 μέγεθος
3255 4422 3351 4475 καὶ
3373 4422 3731 4493 σμικρότητα.
3776 4423 3892 4476 Καὶ
3923 4424 4071 4485 ὅπως

2484 4509 2905 4579 ἄρχοντας-ἐπὶ
2961 4510 3171 4575 τούτοις
3222 4512 3495 4580 μεγάλους
3541 4512 3641 4575 τὰς
3707 4513 3941 4582 ἡλικίας
3993 4516 4072 4567 δεῖ

2486 4598 2778 4658 ποιεῖσθαι,
2812 4598 3049 4662 καὶπῶς
3088 4599 3160 4652 τά
3218 4600 3347 4672 περὶ
3395 4600 3495 4671 τὴν
3533 4603 3723 4655 στάσιν
3768 4603 3828 4655 ἐν
3884 4621 3947 4657 τε
3995 4605 4071 4675 τῷ

2491 4689 2656 4758 μήκει
2688 4689 2786 4742 καὶ
2816 4690 2895 4760 τῷ
2928 4691 3084 4761 βάθει
3132 4692 3411 4763 γινόμενοι
3462 4692 3854 4764 ταχθήσονται,
3883 4698 3983 4749 καὶ
4014 4699 4070 4751 ιν

2488 4780 2664 4844 ποίοις
2695 4780 2950 4851 ἀριθμοῖς
2979 4781 3187 4835 ἕκαστα
3208 4782 3319 4837 τῶν
3346 4784 3530 4856 μερῶν
3567 4785 3661 4837 καὶ⁸
3688 4784 3794 4839 ποῦ
3825 4802 4068 4841 κατατα-

2487 4873 2749 4942 γήσονται
2779 4873 2916 4944 πρὸς
2941 4874 3039 4938 τὰς
3068 4875 3127 4928 ὲν
3148 4877 3269 4938 ταῖς
3303 4876 3517 4945 χρείαις
3557 4877 3869 4944 ἀναγκαίας
3913 4882 4068 4951 κινή-

2487 4979 2599 5024 σεις
2619 4980 2633 4995 ’
2670 4963 2763 5017 καὶ
2784 4961 2956 5029 ταῦτα
2987 4964 3085 5035 μὲν
3110 4966 3211 5036 τῆς
3237 4965 3569 5037 λογιστικῆς.

2554 5061 2659 5125 νῆ’.
2692 5055 2803 5126 Τῆς
2832 5055 2891 5109 δὲ
2923 5056 3192 5127 τακτικῆς
3241 5056 3403 5129 ἔργον
3429 5059 3597 5123 ἐστὶν,
3637 5058 3782 5113 ὥστε
3814 5061 3886 5114 τά
3936 5064 4066 5133 σχή-

2488 5162 2639 5215 ματα
2671 5145 2781 5199 τῶν
2805 5148 3103 5217 ταγμάτοιν
3129 5148 3321 5213 δεῖξαι.
3378 5150 3465 5203 Ἐν
3497 5145 3579 5214 οἷς
3617 5152 3651 5224 ἢ
3698 5153 4066 5221 ὲγχειρεῖσθαι

2495 5238 2804 5309 συμὸαίνει,
2850 5240 2944 5293 καὶ
2979 5242 3106 5295 ποῖα
3132 5242 3381 5313 χρήσιμα
3435 5241 3572 5313 πρὸς
3612 5243 3675 5296 τὸ
3708 5243 4065 5314 ὑποδέχεσθαι

2494 5330 2769 5401 πολεμίων
2814 5333 3103 5405 ἐπιφορὰς,
3141 5334 3235 5386 καὶ
3262 5336 3391 5388 ποῖα
3417 5334 3554 5404 πρὸς
3583 5334 3645 5387 τὸ
3674 5335 4063 5408 ’ἐπέρχεσθαιῆ

2492 5423 2805 5494 ἀμύνασθαι
2840 5424 3103 5493 πέφυκεν,
3153 5424 3248 5480 καὶ
3283 5425 3423 5497 μετά
3465 5426 3618 5479 ποίου
3654 5426 3863 5497 τρόπου
3895 5428 4065 5496 γίνον-

2320 5556 2558 5615 NOTAE.

895 5665 1005 5734 (72)
1048 5663 1167 5734 Ὺςρξ
1216 5658 1431 5734 ἑτέρων
1470 5656 1545 5709 δι’
1596 5650 2129 5734 αὐτῶνκΡρεῑιςεῐησ
2187 5647 2299 5712 illa,
2325 5647 2394 5700 δι’

824 5721 1028 5796 αὐτῶν,
1062 5721 1205 5788 male
1234 5721 1459 5798 repetita
1492 5740 1711 5788 censeo,
1735 5735 1789 5776 et
1821 5721 2071 5798 delenda.

896 5789 1374 5875 (miliario-uin,
1413 5792 1884 5866 ἀρχιτεκτονική.
1915 5789 2107 5847 Scribe
2130 5801 2235 5846 una
2261 5803 2393 5846 voce

2500 5653 2757 5722 amplius,
2789 5653 3093 5726 λογιστική,
3128 5652 3379 5725 τακτικὴ,
3428 5653 3873 5727 ἀρχιτεκτονική.
3919 5655 4066 5713 Patet

2498 5738 2561 5779 cx
2588 5726 2966 5796 sequentibus.
3714 5772 3719 5775 -
