4200 6438
109 434 128 497 1
142 432 264 497 039

1345 439 1678 499 TACTICA.
1720 463 1788 473 ⁷-
1826 441 1945 500 ΕΡΙ
1959 442 2095 502 LOG
2108 443 2224 504 US.

3253 453 3389 517 1090

103 566 204 601 ται
239 547 453 600 ἕκαστα
479 565 492 579 ·
521 548 617 600 καὶ
640 547 800 609 ποίας
833 547 1077 610 ὁπλίσεις
1129 546 1209 601 δεῖ
1246 550 1514 601 ποιεῖσθαι
1566 548 1703 602 κατά

1814 560 2056 603 mentum
2086 554 2309 615 habent,
2345 554 2799 621 quemadmodum
2833 556 3049 625 singula
3078 559 3373 631 “antqua.

109 642 229 692 τῶν
283 640 566 702 ἐναντίων,
623 641 715 691 καὶ
756 639 874 701 πῶς
921 641 1329 707 μετακινεῖσοαι
1377 642 1477 703 τὰς
1527 640 1708 705 τάξεις

107 731 372 795 δυνατὸν,
400 734 492 786 καί
520 735 577 785 ἐν
598 733 702 784 τίνι
732 734 904 804 τόπῳ,
924 734 1019 785 καὶ
1045 734 1175 787 πότε
1205 736 1491 805 χρηστέον.
1524 736 1706 789 Ταῦτα

111 826 222 892 μὲν
259 827 352 878 καὶ
388 825 485 896 τῆς
515 826 799 895 τακτικῆς.

187 1004 295 1060 νϐ’.
330 1005 442 1075 Τῆς
464 1005 522 1058 δὲ
560 1005 1008 1078 ἀρχιτεκτονικῆς
1043 1011 1190 1062 ἐστιν
1228 1009 1299 1063 τὰ
1328 1010 1439 1063 τῶν
1481 1030 1708 1082 στρατο-

111 1100 304 1153 πέὂων
342 1100 435 1152 καὶ
475 1101 762 1168 φοσσάτων
793 1103 1048 1170 σχήματα
1077 1104 1197 1172 ἦτοι
1230 1104 1340 1155 τῶν
1388 1105 1703 1175 ἀπλήκτων,

109 1193 243 1254 πῶς
278 1194 362 1259 δεῖ
382 1190 556 1245 ταῦτα
592 1192 907 1261 περιλαδεϊν
958 1195 1046 1247 διά
1078 1196 1347 1263 ῳοσσάτου
1376 1198 1408 1267 ἢ
1441 1198 1705 1265 χάρακος,

113 1283 221 1333 καὶ
253 1282 347 1333 τὸν
389 1282 591 1335 ἔσωθεν
633 1283 800 1335 τόπον
853 1282 1169 1353 διαμερίσαι
1229 1287 1580 1354 συμμέτρως,
1614 1286 1708 1337 καὶ

111 1374 359 1437 ποιῆσαι
385 1374 654 1440 διεξόδους
677 1375 776 1439 τὰς
803 1376 1174 1447 ἁρμοζούσας,
1198 1379 1293 1429 καὶ
1321 1378 1381 1430 τὸ
1402 1377 1573 1440 δεῖξαι
1600 1377 1709 1431 δια-

113 1470 378 1535 στήματα
406 1468 665 1537 μεγίστου
699 1469 1062 1536 στρατοπέδου
1105 1468 1191 1520 διὰ
1218 1469 1312 1521 τοῦ
1365 1471 1573 1537 μήκους
1614 1472 1707 1522 καὶ

110 1560 418 1631 ἐλαχίστης
443 1560 605 1613 πάλιν
626 1561 713 1614 διὰ
737 1562 1021 1629 συστολῆς,
1043 1563 1131 1615 ὅτε
1150 1564 1339 1633 καιρὸς
1362 1563 1461 1630 τῆς
1478 1564 1705 1616 ἑκάστου

110 1655 309 1722 χρείας
351 1655 517 1706 ἐστίν*
557 1655 879 1722 ἐκλέγεσθαι
930 1655 985 1707 δὲ
1017 1656 1107 1708 καὶ
1150 1656 1348 1717 τόπους
1376 1656 1486 1707 ὅσοι
1521 1656 1595 1727 μὴ
1626 1658 1707 1709 εὐ-

111 1747 502 1800 επιϐούλευτοί
546 1750 652 1801 εἰσι
692 1751 804 1810 τοῖς
834 1748 1134 1816 πολεμίοις,
1191 1748 1285 1800 καὶ
1313 1748 1427 1801 ὅσοι
1469 1748 1706 1801 εὐαπάλ-

109 1840 308 1893 λακτοι
345 1842 402 1892 ἐν
430 1844 548 1904 ταῖς
582 1842 952 1911 ύποστροφαῖς
987 1843 1082 1894 καὶ
1110 1844 1226 1905 ταῖς
1250 1841 1623 1906 ἀναζεύξεσιν.

1813 641 1916 694 lem
1954 654 2289 698 armaturam
2323 648 2589 700 adversus
2624 648 2833 701 hostem
2869 650 3162 717 fabricare,
3191 670 3348 723 quem

1812 735 2107 790 admodum
2147 741 2291 794 acies
2341 741 2549 794 moveri
2606 741 2859 806 debeant,
2910 761 3019 813 quo
3074 747 3217 810 loco,
3252 766 3355 801 teni

1813 843 2050 897 pureque
2117 835 2398 885 utendum.
2472 834 2652 902 Atque
2714 833 2828 887 lucc
2877 832 2944 888 de
3012 836 3235 893 aciebus
3292 839 3350 887 1η

1809 922 2111 975 struendis.

1878 1014 1966 1069 59.
2013 1015 2408 1071 Architectura:
2451 1029 2532 1072 est
2581 1028 2891 1074 castrorum
2943 1021 3147 1077 formas
3184 1022 3383 1086 deseri

1811 1108 1957 1171 bere,
2006 1107 2469 1176 quemadmodum
2519 1110 2662 1165 fossa
2689 1152 2704 1175 ,
2744 1121 2837 1165 aut
2874 1113 3016 1167 vallo
3051 1096 3390 1185 obsepien‘d

1809 1208 1968 1264 sunt;
2012 1201 2279 1253 interiora
2319 1202 2436 1254 loca
2474 1214 2617 1272 apte.
2642 1204 3048 1275 distributeque
3071 1208 3378 1277 sejungere,

1807 1293 1989 1347 exitus
2015 1293 2253 1361 aperire,
2286 1295 2508 1347 maximi
2538 1298 2814 1352 exercitus
2840 1299 3149 1362 intervalla,
3172 1302 3379 1355 minimi

1808 1392 1990 1437 autem
2042 1385 2328 1454 angustias
2382 1394 2588 1451 tenere,
2641 1388 2733 1441 ubi
2794 1391 3129 1446 utrorumvis
3182 1392 3372 1462 aliqum

1807 1494 1942 1532 usus
1973 1479 2157 1542 fuerit,
2199 1479 2317 1533 loca
2346 1481 2568 1549 eligere,
2603 1496 2724 1551 qua:
2761 1483 2997 1537 hostium
3029 1485 3248 1541 insidiis
3275 1491 3365 1541 mi?

1808 1568 1956 1622 nime
2006 1581 2357 1639 appetantur,
2411 1588 2642 1643 quaeque
2686 1577 2741 1629 in
2792 1576 3221 1643 reversionibus,
3263 1580 3377 1635 dis-

1804 1660 2301 1733 junctionibusquc
2330 1665 2522 1719 idonea
2550 1682 2670 1723 csse
2702 1679 2949 1738 possunt.

188 1934 255 1996 ξ’.
290 1936 523 2003 ῐΙροσέτι
554 1935 609 1987 δὲ
643 1935 951 2004 μηχανικῆς
977 1935 1093 1987 ἐστι
1132 1937 1461 2005 τειχίσματα
1495 1936 1701 1988 πόλεων

1880 1931 1966 1985 60.
2010 1931 2182 1997 llujus
2214 1935 2347 1989 artis
2382 1944 2642 2002 prmterea
2673 1946 2821 2003 sunt,
2852 1954 3037 1995 muros
3070 1942 3372 2007 civitatum,

111 2026 146 2094 ἢ
176 2026 361 2077 ἄλλων
391 2027 663 2094 φρουρίων
693 2026 830 2094 πρὸς
880 2026 981 2087 τάς
1019 2025 1129 2078 τῶν
1156 2026 1429 2094 πολεμίων
1456 2029 1700 2097 μηχανάς

108 2118 547 2185 ἀκαταγώνιστα
596 2122 1030 2185 κατασκευάσαι,
1077 2122 1172 2174 καὶ
1223 2120 1328 2172 ὑπὸ
1385 2121 1592 2173 ὑδάτων
1634 2122 1699 2175 ἂν

110 2212 423 2281 ἐπαγωγῆς
458 2212 743 2266 ἀνάλωτα.
792 2214 904 2265 Καὶ
951 2213 1084 2283 περὶ
1142 2213 1209 2266 τὰ
1237 2213 1390 2283 τείχη
1430 2214 1486 2267 δὲ
1526 2232 1698 2268 κατα-

112 2304 323 2365 σκευὰς
374 2304 599 2372 ποιῆσαι
628 2303 725 2355 καὶ
755 2304 1175 2373 παρασκευάσαι
1205 2304 1418 2357 ὅπλισιν
1438 2321 1451 2334 ⁸
1492 2300 1603 2357 οἷον
1632 2305 1701 2356 τά

111 2400 395 2467 λεγόμενα
454 2397 808 2466 μαγγανικά,
862 2397 957 2450 καὶ
1017 2396 1452 2467 τοξοὸολίστρας,
1488 2398 1580 2450 καὶ
1633 2398 1701 2451 τά

108 2490 253 2542 ἄλλα
287 2489 384 2542 ὅλα
410 2488 549 2542 ὅπλα
579 2489 680 2543 ὅσα
709 2488 845 2559 πρὸς
869 2490 1222 2559 τειχομαχίαν
1257 2491 1574 2553 ἀντίκειται,
1608 2492 1700 2543 καὶ

112 2583 321 2651 ἐτέρας
350 2581 406 2635 δὲ
432 2581 548 2651 (74)
592 2582 731 2651 πρὸς
775 2582 1130 2650 τειχομαχίας
1188 2583 1485 2653 ἐπιτήδεια.
1517 2581 1699 2637 Ταῦτα

113 2676 219 2742 μὲν
262 2674 360 2727 καὶ
389 2673 491 2741 τῆς
525 2671 1001 2742 ἀρχιτεκτονικῆς.

182 2766 290 2830 εσυ.
325 2765 441 2833 Τῆς
467 2764 524 2817 δὲ
573 2765 940 2834 ἀστρονομίας
985 2764 1145 2831 εἰσὶν,
1180 2767 1308 2829 τοὺς
1357 2769 1580 2837 καιροὺς
1605 2768 1695 2821 τοῦ

111 2857 370 2911 ἐνιαυτοῦ
397 2856 704 2928 προλέγειν,
730 2858 787 2910 ὲν
829 2852 913 2920 οἷς
945 2858 1227 2927 χειμώνων
1261 2860 1355 2912 καὶ
1401 2862 1698 2930 καυμάτων

114 2951 421 3020 μεταϐολαὶ
451 2949 718 3018 γίνονται,
740 2951 774 3020 ἢ
801 2949 1011 3003 ὑδάτων
1042 2950 1288 3019 ὀμϐρίων
1314 2954 1641 3021 μεταφοραί,
1664 2955 1697 3024 ἦ

114 3042 455 3112 πνευμάτων
501 3042 756 3106 ἐξαισίων
791 3042 1055 3112 κινήσεις,
1088 3041 1148 3105 ἐξ
1190 3035 1266 3096 ὧν
1315 3043 1700 3114 στρατεύματα

113 3134 389 3196 πολλάκις
436 3135 517 3198 εἰς
584 3134 873 3202 μεγίστους
922 3132 1207 3196 κινδύνους
1269 3135 1544 3188 ἐνέπεσον.
1592 3134 1699 3187 Καὶ

1808 2032 1902 2077 aut
1930 2026 2295 2079 munitionum
2326 2028 2394 2082 ab
2419 2028 2655 2083 hostium
2705 2032 3207 2089 n'iachinationibus
3239 2036 3377 2088 inte-

1809 2130 1935 2186 gros
1980 2133 2219 2182 servare,
2271 2128 2365 2171 aut
2413 2136 2675 2190 aquarum
2727 2125 3113 2180 inundationes
3154 2129 3221 2182 ab
3263 2130 3373 2184 illis

1809 2210 2090 2279 repellere,
2143 2227 2296 2265 arma
2347 2213 2412 2265 ad
2446 2229 2631 2270 :nnros
2662 2216 3032 2274 defendendos
3071 2236 3283 2288 parare,
3314 2233 3376 2277 ut

1810 2302 2152 2369 manganiea,
2174 2304 2585 2371 tnxobulistras,
2612 2316 2663 2360 et
2699 2308 2906 2378 reliqua
2945 2310 3109 2380 hujus
3132 2314 3371 2383 generis.

1807 2408 2147 2463 quacunque
2196 2396 2279 2448 vel
2326 2396 2393 2448 ad
2447 2412 2634 2452 muros
2680 2398 3080 2465 defendendos,
3128 2404 3211 2455 vel
3270 2418 3373 2471 0p-

1808 2484 2128 2551 pugnandos
2179 2493 2430 2555 spectare
2474 2487 2672 2553 solent,
2716 2499 2878 2559 atque
2928 2491 3044 2547 haec
3093 2492 3161 2547 de
3191 2494 3374 2548 archi-

1808 2582 1912 2627 lBC!
1922 2590 2013 2628 111⁸³
2023 2616 2034 2628 .

1874 2759 1962 2813 61.
2009 2761 2369 2814 Astronomize
2416 2771 2501 2816 est
2551 2764 3007 2833 tempestivitates
3055 2768 3182 2819 anni
3239 2782 3377 2835 pra-.-

1805 2850 2007 2914 dicere,
2059 2852 2110 2903 in
2136 2853 2337 2920 quibus
2371 2853 2633 2922 frigorum
2661 2895 2676 2917 ,
2706 2862 2760 2909 et
2789 2855 3031 2909 calorum
3066 2869 3379 2912 commuta-

1806 2944 1982 2995 tiones
2017 2943 2173 3004 fiunt,
2223 2953 2316 2995 aut
2349 2944 2630 3009 imbrium,
2666 2955 2720 2999 et
2762 2962 3029 3015 aquarum
3072 2949 3380 3016 pluviarum

1809 3034 2104 3102 proluvies,
2137 3035 2221 3086 vel
2248 3044 2537 3089 ventorum
2575 3037 2877 3105 ingentium
2908 3038 3093 3104 ﬂatus,
3122 3054 3151 3093 e
3178 3041 3381 3108 quibus

1808 3124 1986 3192 magni
2019 3126 2295 3179 exercitus
2347 3126 2399 3178 in
2437 3142 2652 3181 summa
2694 3144 2839 3198 sa‘pe
2866 3131 3190 3185 discrimina
3221 3149 3384 3187 vene-

113 3226 249 3293 περὶ
278 3226 345 3278 τά
391 3226 533 3295 μέρη
563 3224 619 3277 δὲ
648 3226 748 3287 τῆς
785 3223 998 3293 ἡμέρας
1019 3224 1113 3275 καὶ
1155 3226 1257 3290 τῆς
1296 3225 1487 3286 νυκτὸς
1535 3227 1697 3294 ἀκρι-

1811 3225 1964 3281 runt;
1997 3216 2101 3268 diei
2160 3218 2448 3286 noctisque
2476 3229 2658 3286 partes
2686 3221 2759 3273 ita
2793 3223 3082 3277 commode
3115 3223 3384 3285 dividere.

115 3317 230 3379 σῶς
257 3315 490 3385 διαιρεῖν
517 3316 642 3377 τοὺς
675 3315 901 3383 καιροὺς
948 3313 1084 3383 πρὸς
1122 3313 1222 3375 τὰς
1253 3313 1404 3383 ῶρας
1432 3315 1542 3365 τῶν
1577 3316 1700 3365 ὲπι-

116 3410 329 3461 Θέσεων
364 3408 459 3460 καὶ
489 3406 624 3475 πρὸς
659 3406 761 3466 τάς
790 3396 1157 3467 ἀναπαύσειςξ
1204 3408 1263 3458 ἐν
1302 3401 1391 3469 αἶς
1414 3406 1702 3476 ἀστοχοῦν-

112 3516 209 3552 ται
240 3498 355 3568 (75)
389 3498 648 3560 πολλάκις
676 3498 947 3567 ἄχρηστον
980 3497 1080 3566 τὴν
1115 3496 1344 3566 δύναμίν
1363 3513 1507 3557 τινες
1530 3498 1703 3565 ἁπερ-

114 3591 402 3657 γάζονται.
438 3589 573 3660 Περί
612 3606 670 3641 τε
703 3588 945 3659 σεισμῶν
979 3590 1072 3641 καί⁸
1119 3588 1226 3641 τῶν
1256 3586 1432 3641 ἄλλων
1462 3589 1705 3657 σημείων

114 3684 185 3734 τά
232 3680 495 3748 μέλλοντα
539 3678 870 3750 δηλοποιεῖν,
906 3680 939 3752 ἢ
976 3678 1242 3747 καὶπρὸς
1292 3677 1352 3730 τὺ
1400 3679 1701 3748 συμφέρον,

113 3774 218 3829 τὰς
280 3768 601 3837 ἐπιφανείας
684 3769 949 3839 ἐντέχνως
1008 3766 1453 3838 μεταρυθμίζειν.
1522 3767 1706 3820 Πάντα

113 3861 297 3914 ταῦτα
347 3862 446 3931 τῆς
480 3859 837 3930 ἀστρολογίας
869 3859 1027 3913 εἰσίν.

196 3954 301 4023 ξβ’.
331 3954 441 4021 Τῆς
472 3953 529 4007 δὲ
574 3953 852 4023 ἱερατικῆς
898 3953 1045 4004 ἐστιν
1080 3950 1162 4013 τὸ,
1224 3951 1405 4013 καλῶς
1459 3949 1528 4003 τά
1584 3950 1705 4002 Gaia.

114 4046 382 4117 χρῆσθαι,
420 4046 512 4098 καὶ
539 4044 716 4099 ταῦτα
757 4043 1023 4097 ἐπιτελεῖν
1052 4042 1422 4105 ἀδιαλείπτως
1442 4044 1511 4097 τὰ
1543 4060 1706 4114 στρα-

112 4139 373 4207 τεύματα
422 4136 662 4199 εὐσεϐῶς
690 4153 749 4188 τε
794 4136 889 4188 καὶ
916 4134 1228 4203 Θεαρέστως
1270 4135 1411 4188 κατά
1469 4133 1560 4186 τὸν
1600 4152 1707 4185 πα-

119 4229 421 4299 ραδοθέντα
455 4228 655 4297 θεσμὸν
694 4227 904 4281 ἄνωθεν
952 4228 1066 4288 τοῖς
1114 4225 1396 4278 εὐσεὸοὖσὶ
1438 4226 1706 4295 Χριστιαο

116 4325 255 4384 νοῖς,
296 4321 386 4374 διά
433 4338 491 4373 τε
534 4320 888 4389 ἱερολογιῶν,
941 4318 1039 4371 καὶ
1100 4317 1425 4387 ἱερουργιῶν
1468 4319 1559 4370 καὶ
1598 4318 1706 4369 τῶν

118 4414 305 4467 ἄλλων
345 4411 520 4481 εὐχῶν
560 4411 653 4463 καὶ
686 4411 923 4480 δεήσεων
978 4410 1113 4478 πρὸς
1157 4408 1252 4459 τὸν
1281 4407 1414 4459 Θεὸν
1472 4407 1705 4469 ἐκτενῶς

116 4505 450 4575 γινομένων,
476 4505 570 4557 καὶ
602 4504 738 4573 πρὸς
763 4501 860 4571 τὴν
881 4504 1261 4571 πανάχραντον
1287 4500 1449 4552 αὐτοῦ
1477 4500 1707 4569 Μητέρα

1807 3315 1866 3358 ut
1898 3308 2154 3374 requietis
2189 3324 2251 3361 ac
2309 3309 2648 3364 incursionis
2698 3321 2945 3381 tempora
2994 3314 3253 3369 facillime
3286 3331 3382 3370 co-

1805 3407 2160 3465 glli)Sl';tllllll',
2198 3400 2400 3469 quibus
2446 3417 2557 3454 non
2593 3404 2925 3468 observatis,
2981 3407 3250 3461 universae
3288 3424 3384 3462 co-

1807 3490 2021 3557 piarum
2081 3506 2309 3544 summze
2355 3508 2499 3562 εωρο
2554 3495 2607 3548 in
2660 3496 2826 3550 rebus
2876 3499 3257 3566 aggretlienglis
3310 3499 3387 3553 ir-

1806 3581 1929 3633 ritae
1974 3591 2134 3649 atque
2180 3582 2371 3637 inanes
2423 3584 2678 3650 fuerunt;
2713 3595 2873 3641 terrae
2909 3597 3109 3654 motus,
3146 3591 3385 3660 reliquo-

1808 3686 2038 3741 rumque
2086 3674 2393 3742 signorum,
2448 3686 2503 3730 et
2550 3686 2929 3745 portentorum
2980 3692 3208 3736 eventus
3251 3700 3388 3753 ρεσπιι-

1807 3774 2135 3831 monstrare,
2181 3768 2382 3838 illaque
2431 3768 2497 3822 ad
2545 3778 2766 3825 nostros
2805 3774 3010 3827 milites
3060 3775 3386 3831 animandos

1808 3858 2126 3913 transferre.
2155 3857 2260 3913 Sed
2294 3860 2361 3914 de
2393 3861 2685 3933 astrologia
2714 3863 2867 3917 satis.

1877 3950 1966 4004 62.
2020 3952 2321 4005 Saerarum
2363 3969 2548 4008 rerum
2595 3955 2841 4010 scientia:
2874 3964 2982 4019 est,
3011 3957 3150 4012 bene
3180 3959 3385 4015 divinis

1807 4044 1906 4107 uti,
1938 4053 1992 4097 et
2025 4044 2110 4098 his
2145 4044 2491 4100 incessanter
2520 4046 2736 4115 operari
2772 4049 3018 4102 exercitu
3068 4050 3175 4119 pie,
3215 4060 3270 4105 et
3310 4054 3384 4106 ita

1807 4144 1869 4189 ut
1916 4134 2027 4188 Deo
2080 4136 2355 4205 placeant,
2387 4139 2541 4206 juxta
2574 4139 2743 4208 legem
2774 4140 2881 4208 piis
2910 4140 3248 4197 Christianis
3295 4161 3389 4198 su—

1809 4229 1993 4298 perius
2021 4230 2298 4295 traditam,
2326 4246 2421 4300 per
2448 4247 2639 4287 sacros
2669 4247 2975 4295 sermones,
3011 4243 3065 4289 et
3092 4238 3385 4301 sacrificia,

1806 4330 1861 4375 et
1886 4322 2020 4375 alias
2049 4323 2352 4383 orationes,
2403 4330 2456 4375 et
2492 4338 2681 4391 preces
2716 4322 2783 4376 ad
2834 4322 3004 4377 Deum
3056 4327 3300 4388 assidue,
3332 4338 3389 4381 et

1807 4414 1874 4467 ad
1920 4413 2040 4481 ejus
2096 4412 2478 4466 intemeratam
2544 4412 2795 4479 Matrem,
2850 4423 2904 4469 et
2968 4415 3276 4485 Deiparam,
3334 4430 3389 4472 et.

1807 4515 2028 4560 sanctos
2073 4505 2193 4573 ejus
2239 4504 2499 4569 famulos,
2545 4506 2743 4569 factas,
2793 4507 2996 4577 quibus
3051 4510 3385 4579 pronitiatur

114 4600 220 4652 καὶ
253 4597 535 4674 Θεοτόκον,
567 4597 663 4650 καὶ
701 4595 827 4658 τοὺς
889 4596 1077 4663 ἁγίους
1127 4592 1295 4647 αὑτοῦ
1340 4594 1699 4663 θεράποντας.

1809 4599 1972 4663 Deus,
1989 4606 2044 4653 et
2074 4613 2172 4667 per
2202 4597 2362 4651 fidem
2395 4598 2591 4653 salutis
2618 4598 2815 4652 animae
2845 4600 3081 4653 militum
3112 4600 3385 4657 firmiores

127 4691 229 4754 Ἐξ
260 4684 336 4743 ὧν
359 4688 593 4742 ἱλεοῦται
613 4688 674 4740 τὸ
695 4687 871 4751 Θεῖον,
894 4688 990 4739 καὶ
1014 4686 1100 4739 διὰ
1119 4686 1216 4755 τὴν
1245 4685 1430 4737 πίστιν
1455 4688 1554 4751 τῆς
1589 4701 1696 4737 σω-

116 4782 319 4853 τηρίας
349 4782 405 4835 αί
425 4781 596 4850 ψυχαὶ
625 4779 731 4833 τῶν
761 4777 1109 4848 στρατιωτῶν
1137 4777 1537 4847 εύρωστὸτεραι
1560 4776 1696 4846 πρὸς

115 4877 249 4938 τοὺς
285 4872 565 4935 κινδύνους
595 4869 1138 4941 παρασκευάζονται.

195 4963 299 5034 ξγ’.
324 4965 435 5032 Τῆς
462 4964 519 5016 δὲ
546 4962 793 5032 ίατρικῆς
828 4962 964 5026 ἐστι,
998 4960 1126 5029 περὶ
1149 4959 1217 5011 τά
1241 4958 1380 5027 ἕλκη
1405 4958 1474 5011 τά
1503 4959 1567 5011 ἐκ
1588 4958 1697 5010 τῶν

118 5057 457 5128 τραυμάτων
513 5055 796 5125 γινόμενα,
844 5053 938 5107 καί¹
986 5052 1114 5123 περὶ
1162 5052 1261 5111 τὰς
1314 5050 1530 5121 πληγάς
1578 5052 1701 5104 ὅσαι

119 5153 234 5205 ἀπὸ
264 5147 427 5201 λίθων
454 5148 488 5219 ἧ
517 5147 626 5201 ἀπὸ
655 5146 825 5217 βελῶν
854 5145 887 5215 ἢ
918 5145 1083 5198 ἄλλου
1140 5143 1288 5206 τινὸς
1318 5143 1487 5196 ὅπλου
1525 5141 1703 5210 γίνον-

121 5260 241 5308 ται,
276 5241 482 5295 τούτων
505 5241 724 5294 πάντων
780 5240 1049 5309 φάρμακα
1079 5238 1225 5307 ἔχειν
1277 5235 1701 5307 θεραπευτικὴν,

122 5338 223 5389 καὶ
249 5334 563 5405 ἱπιστήμην
595 5333 866 5403 ἰατρικήν.
922 5318 1195 5383 Ἀλλ“’ὅσα
1238 5328 1521 5399 νοσήματα
1551 5328 1705 5381 κοινά

126 5426 453 5497 συμϐαίνειν
496 5424 656 5479 εἴωθε
689 5423 941 5493 διαψύχει
966 5423 1104 5492 (76),
1150 5422 1243 5475 καὶ
1289 5421 1572 5491 καύματα,
1608 5421 1703 5473 καὶ

125 5521 331 5583 πόνους
352 5559 368 5585 ,
402 5519 498 5574 καὶ
530 5518 739 5572 ὑδάτων
781 5514 1116 5587 μεταϐολὰς,
1156 5515 1253 5568 καὶ
1294 5514 1473 5568 τόπων
1502 5512 1698 5577 Θέσεις,

1806 4692 1871 4747 ad
1906 4690 2147 4762 pericula
2178 4690 2465 4745 subeunda
2507 4699 2793 4760 parantur.

1880 4952 1967 5006 65.
2011 4950 2300 5015 Medicina,
2358 4951 2562 5023 ulcera,
2592 4954 2731 5020 ’qure
2780 4966 2844 5004 ex
2891 4952 3213 5006 vulneribus
3262 4963 3383 5007 orta

1809 5054 1959 5112 sunt,
1986 5046 2070 5101 vel
2104 5047 2319 5116 plagas,
2347 5059 2469 5115 qua:
2499 5043 2795 5113 lapidibus,
2829 5053 2925 5097 aut
2954 5044 3104 5110 telis,
3139 5053 3235 5099 aut
3260 5046 3384 5099 aliis

1805 5138 2121 5209 huiusmodi
2172 5139 2337 5194 rebus
2376 5136 2717 5205 inﬂiguntur,
2769 5147 2954 5199 sanat.
2997 5144 3053 5190 et
3087 5138 3381 5205 pharmace

1803 5234 1871 5289 iis
1898 5240 2085 5303 parata
2122 5232 2307 5286 habet.
2363 5227 2767 5300 Egritudines,
2804 5244 2925 5299 qua:
2951 5244 3019 5283 ex
3050 5230 3255 5294 calore,
3286 5240 3383 5286 aut

1804 5324 2027 5395 frigore,
2062 5322 2276 5387 labore,
2304 5335 2572 5391 aquarum
2608 5318 2935 5383 mutatione,
2966 5318 3211 5374 locorum
3247 5320 3378 5382 situ,

1802 5418 1946 5473 aeris
1978 5418 2257 5487 temperie,
2304 5414 2554 5485 corporis
2599 5411 2826 5468 curandi
2873 5412 3224 5483 negligentia,
3276 5411 3380 5466 ali-

1814 5520 2125 5567 mentorum
2158 5508 2532 5581 improbitate,
2576 5520 2843 5563 novarum
2883 5507 3127 5578 frugum,
3170 5516 3224 5561 et
3266 5503 3382 5558 ἴτυ-

1671 5690 1900 5749 ΝΟΤᾸΣ.

203 5789 314 5859 (74)
346 5788 455 5845 Kal
482 5788 689 5859 ἐτέρας
712 5786 798 5841 δέ.
831 5786 1040 5859 §crihe,
1078 5788 1172 5840 καὶ
1202 5786 1362 5859 ἑτέρα
1385 5786 1463 5841 δέ.

198 5857 310 5931 (75)
355 5858 801 5927 Ἀστοχοῦνται.
831 5857 1041 5923 Scribe,
1072 5858 1447 5927 ἀστοχοῦντες.

446 5954 717 6015 ΡΔἸἮΟῙ..
758 5956 870 6015 (in.
893 5951 1078 6015 CVII.

1880 5786 1991 5855 (76)
2032 5784 2339 5853 Διαψύχει.
2373 5781 2582 5841 Scribe.
2616 5780 2702 5836 διὰ
2735 5781 2901 5851 ψύχη.
