4200 6438
789 459 924 523 1095
2027 461 2300 519 [Εογις
2339 462 2382 519 I‘

2482 460 2803 521 [0301³111
3931 460 4070 525 1096

3550 610 3855 643 Im
3866 610 4059 639 “-_-—"'

2907 608 3067 619 ~—

818 607 1343 639 Μ

1322 606 2901 637 W

2255 626 2632 633 ~—-———-—._..A-

1316 785 1504 898 AD
1585 782 2093 897 LEONIS
2170 783 2798 902 AUGUSTI
2892 786 3523 901 TACTICA

2081 1024 2742 1116 APPENDIX.

2635 627 2871 635 Wa

865 1385 1159 1457 Sequentia
1193 1388 1373 1459 capita
1400 1383 1805 1457 praemittuntur
1826 1378 2226 1448 Programmati
2259 1378 2576 1433 academico
2605 1377 2893 1432 Turicensi
2943 1379 3071 1432 anni
3098 1375 3257 1433 1854.
3310 1395 3327 1428 ι
3376 1376 3623 1450 Duplicis
3660 1385 3794 1432 sunt
3825 1380 4066 1448 generis,

784 1481 960 1551 inquit
1005 1481 1233 1539 Editor:
1267 1490 1363 1537 aut
1416 1482 1481 1536 ad
1519 1488 1763 1535 veterum
1796 1476 2110 1533 Grzecorum
2144 1475 2638 1545 Macedonumque,
2697 1486 2788 1530 aut
2820 1475 2886 1530 ad
2930 1475 3287 1531 recentiorem
3321 1474 3745 1545 Byzantinorum
3774 1490 3893 1529 rem
3932 1477 4069 1528 mili-

786 1588 959 1629 tarem
1003 1584 1275 1647 spectant.
1318 1574 1381 1627 Et
1412 1574 1503 1627 illa
1548 1570 1767 1642 quidem
1824 1571 2005 1640 (capp.
2041 1569 2130 1633 30,
2151 1568 2241 1635 34,
2274 1570 2331 1624 4|
2362 1577 2415 1622 et
2444 1567 2535 1631 42,
2566 1569 2635 1623 55
2656 1578 2710 1623 et
2741 1570 2855 1636 54),
2900 1568 3155 1637 quamvis
3183 1569 3341 1639 plane
3382 1568 3507 1622 novi
3532 1584 3639 1623 non
3678 1570 3914 1623 multum
3940 1582 4069 1624 sane

784 1668 1077 1736 praebcant,
1113 1665 1255 1720 haud
1290 1662 1554 1719 inutiliter
1582 1671 1911 1716 tamencum
1955 1660 2347 1731 Asclepiodoti,
2373 1658 2573 1713 Eliani
2640 1667 2693 1714 et
2734 1658 3303 1732 ByzantiniAnonymi
3354 1660 3713 1716 relationibus
3744 1676 4068 1732 comparen-

790 1769 899 1813 tur.
948 1758 1072 1813 Haec
1106 1774 1238 1814 vero
1259 1758 1441 1830 (capp.
1466 1755 1557 1820 35,
1601 1754 1693 1822 7:8,
1727 1755 1818 1820 39,
1844 1755 1936 1820 4'5,
1965 1752 2057 1821 50)
2091 1768 2247 1823 mque
2285 1753 2525 1807 breviter
2560 1767 2623 1805 ac
2649 1752 2888 1808 dilucide
2920 1754 3092 1822 Prima
3129 1753 3441 1824 Byzantina:
3467 1755 3675 1809 militim
3705 1753 4064 1809 fundamenta

783 1852 1286 1924 comprehendunt,
1316 1866 1438 1921 qua:
1485 1848 1539 1902 in
1576 1847 1845 1909 Mauricii,
1911 1844 2258 1899 Constantini
2319 1854 2372 1897 et
2411 1843 2572 1896 editis
2618 1840 2819 1898 Leonis
2883 1842 3122 1899 Tacticis
3154 1844 3390 1915 sparsim
3433 1860 3533 1900 nec
3587 1845 3708 1900 sine
3744 1845 4068 1900 dillicultatn

784 1956 1063 2018 leguntur.
1104 1965 1122 1998 ι
1175 1942 1357 1999 Monet
1389 1952 1646 2011 praeterea
1696 1938 1905 1999 Editor,
1966 1950 2025 1990 se
2071 1933 2275 1989 codicis
2308 1934 2595 2004 scripturae
2620 1948 2836 2003 semper
2884 1934 3183 1990 adhaesisse
3237 1946 3290 1989 et
3342 1935 3476 1989 nihil
3519 1937 3833 1997 novavisse,
3876 1938 3973 1990 sed
3995 1942 4065 1989 vel

785 2044 912 2098 talia
946 2041 1233 2109 reliquisse
1260 2037 1444 2108 qualia
1471 2034 1954 2094 ευηιδαιπότατοι,
1991 2029 2302 2101 κρίϐαντες,
2346 2029 2388 2081 δε

2480 2046 2686 2099 νσωρες
2713 2046 2727 2093 ;
2771 2030 2898 2100 quis
2928 2046 3058 2086 vero
3088 2038 3143 2085 et
3165 2032 3318 2101 cujas
3352 2030 3423 2085 sit
3456 2030 3621 2084 codex
3659 2045 3773 2098 quo
3796 2046 3939 2084 usus
3968 2040 4066 2090 est,

783 2134 1009 2189 omnino
1038 2139 1197 2188 tacet.
1229 2129 1738 2199 lnterpretationem
1766 2123 2015 2180 Latinam
2041 2122 2373 2177 addidimus.

782 2447 934 2506 CAP.
998 2442 1214 2500 XXXII.
1264 2472 1337 2483 —
1366 2440 1745 2497 Ordinationes
1799 2439 2032 2506 peditum
2067 2438 2212 2506 apud
2241 2454 2357 2492 eos-

2473 2434 2715 2489 ΚΕΦΑΛ.
2754 2432 2877 2487 ΛΒ’.
2902 2429 3358 2500 -Πίιρατιίξεις
3390 2426 3581 2489 aettur
3629 2431 3761 2482 κατ’
3810 2433 4061 2495 αὐτοῖς.

1420 2513 1539 2567 dem
1568 2512 1630 2585 [G
1639 2510 1824 2584 ηεροδ]
1836 2551 1848 2563 .

855 2609 1112 2665 Peditum
1149 2619 1491 2675 unaquaeque
1516 2604 1655 2673 legio
1689 2612 1925 2673 quatuor
1946 2608 2281 2655 armatorum
2312 2608 2365 2653 et

783 2709 1121 2755 scutatorum
1156 2695 1394 2750 millibus
1411 2704 1462 2748 et
1476 2694 1772 2764 nonaginta
1790 2709 1881 2747 sex
1897 2693 2213 2757 constabat;
2246 2707 2368 2745 sex-

782 2792 961 2847 decim
995 2792 1049 2844 in
1082 2789 1292 2859 legione
1325 2787 1578 2851 ordines;
1608 2798 1773 2855 porro
1804 2784 1941 2839 ordo
1979 2785 2212 2855 quisque
2260 2790 2363 2837 dn-

782 2893 1072 2939 centorum
1118 2889 1171 2936 et
1203 2878 1604 2951 quinquaginta
1636 2892 1732 2932 sex
1758 2878 2019 2931 virorum.
2046 2875 2214 2942 Quem
2238 2892 2366 2929 vero

783 2971 1083 3040 perlectum
1120 2964 1392 3024 vocabant
1418 2967 1739 3029 exercitum,
1791 2976 2029 3037 quatuor
2061 2965 2367 3036 legionibus

780 3062 1072 3118 constabat
1114 3078 1127 3114 :
1164 3062 1507 3117 dividebatur
1559 3070 1741 3116 autem
1792 3062 1845 3115 in
1876 3063 2123 3117 dextram
2146 3072 2198 3116 et
2228 3063 2369 3116 sini-

782 3165 954 3209 stram
979 3163 1223 3224 .partem,
1244 3153 1481 3207 medium
1514 3168 1734 3223 quoque
1761 3153 2014 3207 dextrum
2046 3164 2100 3207 et
2131 3156 2366 3208 medium

781 3248 1067 3302 sinistrum
1099 3263 1112 3300 :
1152 3245 1293 3299 unde
1328 3245 1599 3300 sexdecim
1646 3244 1811 3298 millia
1842 3253 1895 3298 et
1932 3249 2162 3300 trecenti
2213 3258 2370 3300 Oclo-

781 3341 929 3407 ginta
996 3346 1232 3407 quatuor
1270 3337 1393 3391 viri.
1463 3337 1617 3405 Apud
1672 3338 1930 3407 antiquos
1993 3352 2155 3406 porro
2221 3340 2370 3392 utilis

781 3442 901 3485 erat
934 3431 1025 3485 ille
1046 3444 1337 3496 numerus,
1368 3428 1638 3499 siquidem
1664 3430 1719 3483 in
1763 3430 1900 3485 duas
1916 3431 2154 3500 aequales
2190 3440 2371 3501 partes

782 3517 1207 3582 fueritdivisus,
1241 3533 1420 3589 neque
1459 3520 1580 3573 ideo
1635 3520 1897 3573 alterutra
1946 3535 2075 3590 pars
2133 3536 2369 3589 unquam

783 3616 838 3668 in
867 3615 1129 3669 unitatem
1161 3614 1403 3669 desierit.
1450 3612 1531 3667 Ad
1569 3613 1853 3669 dimidium
1900 3623 2083 3669 autem
2124 3626 2365 3671 scutato-

789 3721 913 3759 rum
972 3715 1133 3760 erant
1165 3720 1377 3775 semper
1416 3704 1470 3758 in
1525 3702 1838 3773 hujusmodi
1874 3704 2119 3759 exercitu
2182 3704 2373 3759 leviter

783 3799 1007 3862 armati,
1044 3807 1173 3853 octo
1238 3798 1406 3851 millia
1452 3798 1666 3851 scilicet
1712 3807 1767 3852 et
1817 3806 2037 3851 centum
2074 3798 2371 3866 nonaginta
2408 3830 2449 3885 η

784 3888 895 3942 duo
926 3906 939 3941 :
974 3888 1067 3958 qui
1093 3887 1387 3958 separatim
1414 3901 1629 3955 semper
1660 3886 2025 3955 poeebantur,
2057 3886 2110 3939 id
2147 3896 2256 3949 est,
2291 3886 2372 3941 vel

784 3995 977 4049 parum
1011 3988 1139 4034 ante
1167 3987 1493 4043 scutatorcs,
1531 3978 1595 4031 ad
1618 3979 2025 4047 persequendos
2071 3979 2260 4034 hestes
2316 3980 2368 4032 in

786 4074 968 4141 fugam
999 4070 1136 4125 l'orte
1176 4084 1495 4133 conversos,
1557 4070 1638 4123 vel
1671 4085 1736 4123 ex
1770 4080 2002 4140 utroque
2058 4071 2246 4136 latere,
2291 4070 2373 4124 vel

785 4161 948 4212 etiam
981 4173 1142 4227 pone,
1182 4158 1638 4228 quemadmodum
1674 4158 1988 4226 requirebat
2044 4162 2369 4215 necessitas.

787 4250 959 4305 Tutus
1012 4252 1193 4319 itaque
1240 4252 1517 4305 exercitus
1552 4260 1672 4303 erat
1707 4250 1906 4319 viginti
1959 4256 2198 4320 quatuor
2251 4251 2375 4305 mil-

789 4348 921 4396 lium
948 4352 1000 4398 ct
1031 4343 1457 4413 quingentorum
1491 4342 1836 4412 septuaginta
1860 4357 1978 4396 sex.
2004 4343 2125 4397 Alio
2155 4358 2373 4415 quoque

790 4439 949 4492 modo
983 4438 1285 4491 exercitum
1353 4436 1738 4506 disponebant.
1788 4434 2072 4490 Sexdecim
2132 4453 2372 4508 namque

797 4531 965 4585 millia
989 4538 1041 4585 et
1093 4536 1372 4583 trecentos
1402 4528 1679 4597 octoginta
1707 4538 1962 4596 quatuor,
1985 4545 2141 4599 quos,
2181 4543 2237 4585 ut
2282 4532 2368 4585 di-

789 4625 987 4684 ximus,
1041 4619 1343 4691 perfectum
1414 4621 1713 4674 exercitum
1776 4620 2066 4686 vocabant,
2120 4623 2173 4676 in
2229 4624 2369 4679 duas

790 4722 977 4780 partes
1062 4712 1349 4780 aaqualiter
1419 4710 1754 4776 dividebant,
1838 4714 2095 4783 utrinque
2162 4716 2372 4772 scilicet

792 4810 1055 4870 ρςιιουιιιρε
1089 4812 1213 4857 octo
1242 4801 1411 4855 millia
1439 4810 1492 4855 et
1534 4812 1756 4856 centum
1811 4805 2103 4873 nonaginta
2131 4806 2262 4872 duo,
2316 4818 2370 4862 et

790 4912 961 4949 ('Oi'llll
983 4897 1233 4948 dextrum
1254 4893 1499 4948 dicentes
1521 4904 1573 4949 et
1596 4911 1768 4949 cornu
1803 4895 2016 4961 laevum,
2042 4905 2096 4953 et
2121 4898 2367 4953 dextram

792 4988 1024 5041 trontem
1062 4994 1271 5056 partem
1306 5000 1479 5040 cornu
1514 4986 1690 5040 dextri
1726 4988 2080 5057 anteriorem,
2108 4991 2373 5072 caudam;

789 5094 895 5144 que
934 5077 1183 5131 dextram
1225 5087 1430 5147 partem
1491 5079 1851 5148 posteriorem
1884 5096 1898 5144 ;
1929 5095 2101 5135 cornu
2150 5097 2371 5154 quoque

2540 2593 2660 2645 Τῶν
2689 2591 2929 2654 πεζικῶν
2950 2588 3247 2660 ταγμάτων
3277 2587 3509 2639 ἕκαστον
3538 2586 3597 2653 ἐξ
3628 2586 3847 2658 ἀνδρῶν
3876 2582 3951 2661 ἦν
3983 2606 4068 2641 τι·

2468 2686 2857 2755 τρακισχιλίων
2911 2682 3328 2753 ὲννενηκονταὲξ
3372 2682 3790 2751 συνιστάμενον,
3826 2681 4070 2734 ὀπὶιτῶν

2471 2778 2729 2831 ἁπάντων
2784 2777 2877 2829 καὶ
2940 2775 3363 2843 ὰσπιδοφόρωνο
3420 2769 3533 2842 εἶχε
3591 2773 3647 2825 δὲ
3704 2774 3960 2843 ὀρδίνους
4014 2774 4072 2825 τὸ

2469 2871 2657 2941 τάγμα
2689 2868 2885 2932 δεκαέξ
2914 2885 2926 2898 °
2958 2871 2985 2921 ὁ
3016 2867 3071 2921 δὲ
3088 2868 3303 2937 δρδινος
3335 2866 3393 2931 ἐξ
3425 2864 3636 2938 ἀνδρῶν
3680 2861 3749 2935 ἦν
3774 2866 4070 2919 διακοσίων

2472 2957 2898 3031 πεντηκονταέξ.
2935 2958 2998 3010 Ἠ
3051 2957 3233 3010 τοίνυν
3263 2955 3444 3010 τελεία
3490 2958 3621 3026 παρ’
3653 2955 3841 3009 αὐτῶν
3869 2958 4070 3011 καλου-

2477 3054 2614 3123 μένη
2646 3052 2955 3123 παράταξις
3006 3052 3072 3103 ὲκ
3114 3050 3415 3121 ταγμάτων
3473 3050 3765 3120 τεσσάρων
3814 3046 3887 3121 ἦν
3944 3070 4068 3106 συν-

2478 3145 2745 3215 ισταμένη
2767 3161 2780 3174 ο
2814 3143 3039 3213 διῄρητο
3069 3141 3127 3194 δὲ
3170 3144 3250 3205 είς
3286 3140 3456 3208 δεξιὸν
3488 3141 3584 3193 καὶ
3618 3141 3943 3213 ἀριστερὸν,
3976 3142 4069 3213 μὲ-

2476 3254 2569 3290 σον
2597 3237 2769 3300 δεξιὸν
2801 3239 2895 3288 καὶ
2927 3236 3095 3307 μέσον
3136 3233 3447 3305 ἀριστερὸν,
3480 3232 3556 3295 ὡς
3587 3228 3727 3287 εἶναι
3752 3234 3949 3286 λοιπὸν
3974 3238 4070 3302 τὴν

2474 3327 2780 3398 παράταξιν
2802 3327 3009 3396 ταύτην
3034 3324 3094 3390 ἐξ
3124 3326 3338 3397 ἀνδρῶν
3367 3325 3663 3378 ἑκκαίδεκα
3690 3325 3957 3395 χιλιάδων
3977 3327 4069 3378 καὶ

2473 3421 2803 3490 τριακοσίων
2850 3418 3180 3487 ὀγδοήκοντα
3240 3418 3546 3488 τεσσάρων.
3609 3418 3904 3487 Χρήσιμος
3954 3419 4011 3471 δὲ
4044 3420 4072 3469 ὀ

2476 3511 2708 3582 ἀριθμὸς
2736 3507 2889 3574 οὗτος
2936 3513 2995 3563 ὲν
3038 3512 3159 3572 ταῖς
3215 3509 3555 3581 παρατάξεσι
3608 3509 3764 3576 παρὰ
3808 3511 3925 3570 τοῖς
3967 3526 4067 3561 πα-

2476 3608 2647 3670 λαιοῖς
2675 3603 2764 3679 ἦν,
2792 3608 2887 3661 ἅτε
2934 3606 2999 3677 δὴ
3026 3606 3218 3658 τούτου
3252 3607 3329 3667 είς
3373 3604 3466 3657 δύο
3493 3606 3588 3658 ἴσα
3612 3604 4013 3675 διαιρουμένου
4051 3604 4065 3632 ⁸

2480 3703 2751 3774 μηδέποτε
2811 3703 2891 3765 εἰς
2954 3700 3159 3772 μονάδα
3210 3699 3523 3768 καταλῆγον
3575 3698 3808 3769 θάτερον
3850 3698 4069 3768 ἔχοντος

2479 3795 2666 3864 μέρος.
2702 3790 2829 3862 Εἶχε
2887 3791 2944 3844 δὲ
2996 3793 3092 3844 καὶ
3142 3789 3342 3860 ψιλοὺς
3393 3791 3427 3860 ἡ
3470 3788 3782 3859 παράταξις
3809 3789 3910 3856 ἥδε
3945 3791 4069 3851 τοὺς

2479 3888 2695 3958 ἡμίσεις
2726 3887 2813 3939 ἀεὶ
2844 3885 2956 3937 τῶν
2986 3883 3369 3953 ἁσπιδοιρόρων
3388 3881 3836 3951 ὀκτακισχιλίους
3871 3882 4069 3934 ἑκατὸν

2476 3980 2835 4049 ἐννενήκοντα
2900 3977 2993 4030 δύο
3050 3976 3285 4047 δηλαδή·
3347 3975 3687 4045 παρέταττον
3728 3974 3789 4028 δὲ
3842 3976 4067 4038 τούτους

2476 4073 2596 4126 καθ’
2632 4072 2858 4132 ἑαυτοὺς
2890 4071 2977 4124 ἀεὶ
3015 4070 3109 4123 καὶ
3168 4071 3293 4140 ἰδίᾳ,
3327 4068 3359 4138 ἢ
3409 4068 3604 4139 μικρὸν
3633 4068 3744 4122 τῶν
3771 4070 4069 4136 ἀσπιδοςρό-

2479 4182 2588 4236 ρων
2634 4162 2946 4233 ἔμπροσθεν
2992 4161 3127 4232 πρὸς
3195 4160 3255 4213 τὸ
3298 4160 3518 4214 διώκειν
3559 4161 3876 4230 τραπέντας
3940 4162 4067 4224 ῐσως

2475 4257 2601 4319 τοὺς
2639 4255 2927 4325 πολεμίους
2959 4255 2992 4323 ἢ
3029 4256 3121 4307 καὶ
3153 4254 3495 4323 ἑκπέρωιὲεν
3527 4256 3732 4305 tto-item
3756 4254 3789 4322 ἢ
3816 4253 4063 4315 ὄπισθεν,

2475 4350 2549 4413 ὡς
2596 4350 2848 4403 ἀπαιτεῖν
2897 4343 3043 4418 εἶχεν
3082 4349 3115 4417 ἡ
3169 4347 3347 4418 χρεία.
3401 4347 3774 4401 Συνετοσοῦτο
3808 4348 4061 4415 τοίνυνή

2475 4442 2785 4514 παράταξις
2817 4440 3007 4495 ἅπασα
3052 4441 3133 4504 είς
3184 4441 3358 4493 εἴκοσι
3390 4440 3665 4510 τέσσαρας
3694 4438 3949 4510 χιλιάδας
3976 4440 4062 4491 καὶ

2475 4537 2790 4604 ἑξακοσίους
2845 4536 3304 4604 ἑϐδομηκονταέξ.
3334 4536 3686 4606 Παρέταττον
3714 4536 3773 4588 δὲ
3816 4537 3914 4588 καὶ
3944 4534 4066 4603 τρό-

2474 4648 2576 4684 πον
2601 4632 2808 4700 ἓτερον.
2835 4630 2973 4691 Τοὺς
3007 4628 3106 4698 μὲν
3142 4626 3891 4697 εἰρημένουςέξακισχιλίους
3928 4626 4064 4696 πρὸς

2473 4726 2599 4788 τοὺς
2633 4725 2653 4754 ¹
2692 4724 2825 4777 δέκα
2884 4722 2978 4775 καὶ
3021 4720 3368 4791 τριακοσίους
3396 4720 3731 4789 ὀγδοήκοντα
3762 4718 4057 4789 τέσσαρας,

2474 4815 2565 4879 οὓς
2594 4814 2659 4885 δὴ
2681 4815 2773 4867 καὶ
2803 4813 3018 4866 τελείαν
3060 4810 3387 4883 παράταξιν,
3444 4810 3519 4873 ὡς
3570 4810 3811 4881 ἔφημεν,
3864 4812 3915 4862 oi
3955 4827 4059 4862 πα-

2473 4906 2616 4960 λαιοὶ
2675 4904 3067 4975 κατωνόμαζον
3126 4905 3167 4971 ³,
3228 4907 3308 4967 εἰς
3366 4902 3459 4957 δύο
3520 4902 3610 4956 ίσα
3663 4903 3914 4974 διῄρουν,
3962 4904 4060 4955 ἀνά

2422 5024 2425 5031 ε
2473 5001 2893 5071 ὀκτακισχιλίων
2944 4998 3146 5070 δηλαδὴ
3213 4999 3309 5051 καὶ
3360 4996 3538 5051 έκατὸ-
3602 4997 4061 5065 ὲννενηκονταδὺο

2476 5093 2711 5165 ἀνδρῶν,
2764 5095 2859 5147 καὶ
2913 5093 2975 5145 τὸ
3016 5091 3115 5162 μὲν
3175 5090 3349 5156 δεξιὸν
3386 5090 3613 5144 ἐκάλουν
3667 5091 3862 5160 κέρας,
3902 5091 3967 5144 τὸ
4004 5091 4056 5144 δι

790 5171 905 5223 lmvi
954 5180 1136 5240 partes
1199 5171 1443 5238 singulas
1502 5172 1616 5241 pari
1655 5173 1867 5228 ratione
1920 5174 2367 5232 denominabant.

2476 5185 2783 5255 ἀριστερὸν,
2833 5183 3013 5251 δεξιὰν
3059 5184 3116 5237 δὲ
3177 5183 3418 5255 κεφαλὴν
3470 5184 3532 5237 τὸ
3582 5184 3694 5237 ἄνω
3738 5184 3908 5253 μέρος
3967 5183 4055 5237 τοῦ

790 5263 1041 5332 Spatium
1080 5278 1209 5319 vero
1248 5263 1382 5317 illud
1420 5278 1532 5333 quo
1565 5264 1709 5318 inter
1739 5279 1798 5319 se
1822 5279 2029 5321 cornua
2068 5267 2367 5335 distabant,

788 5356 885 5408 ubi
904 5358 1086 5408 stabat
1109 5355 1243 5417 dux,
1272 5371 1335 5410 os
1355 5365 1410 5410 et
1442 5354 1757 5410 umbilicum
1790 5358 2066 5412 exercitus
2092 5359 2366 5423 dicebant.

789 5446 1099 5515 Separatim
1158 5446 1321 5500 etiam
1386 5448 1576 5502 leviter
1632 5458 1876 5503 armatos
1928 5459 2055 5503 octo
2095 5451 2262 5507 millia
2312 5464 2368 5509 et

788 5547 1009 5591 ceruum
1046 5535 1339 5608 nonaginta
1376 5538 1487 5593 duo
1518 5538 1572 5592 in
1620 5538 1712 5592 illa
1777 5540 2123 5597 ordinatione
2175 5545 2363 5600 eodem

791 5648 898 5700 quo
928 5633 1040 5702 jam
1076 5632 1318 5687 diximus
1346 5634 1505 5687 modo
1550 5634 1845 5701 ponebant.
1894 5635 2245 5690 Intervallum
2279 5639 2365 5692 in-

2474 5275 2649 5341 δεξιοῦ
2679 5276 2930 5346 κέρατος,
2961 5276 3128 5347 οὐράν
3187 5276 3243 5328 δὲ
3289 5275 3551 5339 ὡσαύτως
3589 5274 3772 5340 δεξιάν
3816 5276 3883 5329 τὺ
3911 5277 4056 5330 κάτω

2473 5367 2666 5419 τούτου
2694 5383 2707 5397 ·
2730 5366 2820 5419 τὸν
2867 5366 3029 5421 αὑτὸν
3085 5366 3141 5419 δὲ
3174 5367 3376 5439 τρόπον
3416 5368 3510 5421 καὶ
3536 5368 3606 5420 τὰ
3632 5367 3731 5421 τοῦ
3764 5368 4051 5440 ἀριστεροῦ

2474 5455 2768 5509 ἐκαλοῦντο
2805 5456 2969 5525 μέρη.
3007 5456 3081 5509 Τὸ
3108 5455 3165 5509 δὲ
3190 5457 3393 5525 μεταξὺ
3418 5456 3528 5509 τῶν
3558 5457 3653 5511 δύο
3680 5458 3854 5512 τῶνδε
3894 5463 4053 5530 γερά-

2474 5564 2581 5599 των
2607 5547 2903 5617 διάστημα,
2938 5547 3064 5600 ἐνοα
3090 5548 3185 5601 καῖ⁵
3220 5549 3249 5600 ὁ
3279 5547 3583 5618 στρατηγὸς
3639 5549 3848 5615 ἵστατο,
3885 5552 4054 5619 στόμα

2474 5640 2567 5693 καὶ
2590 5640 2865 5710 ὀμφαλὸνδ
2894 5642 2993 5711 τῆς
3016 5639 3372 5712 παρατάξεως
3398 5638 3603 5709 ελεγον.
3627 5639 3767 5705 Τους
3794 5659 3846 5710 ,η
3875 5642 4050 5713 μέντοι

2100 5796 2326 5851 \MIIIAL
2366 5797 2773 5855 ιΕατιοΝΕδ.

866 5925 883 5957 ⁸
922 5926 1117 5981 Inserit
1157 5926 1196 5977 Β
1241 5930 1351 5981 καί.

1433 5934 1451 5961 ²
1477 5934 1586 5994 τοῖς
1622 5934 1737 5997 (sed
1772 5936 1868 6001 ita,
1932 5946 1986 5990 ut
2042 5952 2147 5992 non
2195 5937 2409 5997 «liﬂcrat
2446 5957 2473 5995 τι
2505 5942 2647 6013 τοὶ)
2684 5943 2739 5997 Β.

2849 5944 2870 5976 ³
2900 5944 3281 6014 κατανόμαζον
3310 5944 3371 6002 Β.
3449 5945 3469 5978 ⁸
3496 5945 3740 6017 ὀμφαλον
3768 5947 3831 6003 Β.
