4200 6438
778 441 917 504 1099

2045 438 2323 500 LEONIS
2360 434 2815 500 PHILOSOPUI

3921 436 4064 502 ιιοο

771 568 904 607 vero
956 552 1306 608 centuriones
1356 551 1726 622 dicebantur),
1778 562 1966 624 postea
2020 567 2239 623 quoque
2287 553 2357 607 lo«

2476 551 2595 621 μεθ’
2624 550 2717 615 οὓς
2747 554 2787 584 ι’
2822 551 2871 603 οί
2922 550 3210 621 κένταρχοι
3252 551 3561 619 (καλοῦνται
3597 552 3653 605 δὲ
3690 548 3835 607 οὗτοι
3888 555 3982 605 καὶ
4013 549 4059 576 ’⁹

768 645 954 715 chagi,
1004 645 1287 698 decarchze
1341 651 1397 700 et
1452 647 1764 715 pentarchc
1810 654 1865 701 et
1932 656 2190 717 prmierea
2262 642 2358 715 qui

770 736 1059 790 tetrarehze
1109 736 1468 791 vocabantur.
1532 736 1757 806 Legioni
1817 738 2113 806 unicuique
2174 736 2360 791 deser-

773 828 927 881 viunt
951 825 1315 894 bandophori,
1350 827 2043 896 mandatores,da:potatae,
2076 826 2359 882 cribantes

768 927 823 972 et
851 917 943 988 qui
971 916 1040 971 ad
1076 918 1290 973 tuldum
1320 919 1610 987 dicuntur;
1646 927 1911 991 praterea
1943 935 2164 990 quoque
2205 935 2359 973 men-

769 1026 925 1066 sores
965 1028 1062 1067 seu
1092 1021 1525 1076 mensuratores,
1555 1014 1751 1069 medici
1798 1015 1963 1069 etiam
1998 1022 2052 1067 et
2096 1014 2358 1067 buccina-

770 1114 940 1159 tores.
1002 1104 1290 1174 Strategus
1322 1120 1490 1175 porro
1521 1106 1787 1160 exercitui
1822 1107 2081 1160 universo
2119 1114 2351 1177 pt'wcst,

768 1197 866 1266 qui
895 1212 1058 1251 omne
1118 1197 1410 1266 imperium
1456 1212 1487 1251 a
1547 1195 1744 1251 Nostra
1804 1196 2087 1268 Majestate
2148 1199 2359 1267 accepit

770 1290 1055 1351 traditum,
1092 1289 1457 1359 omnibusque
1491 1288 1613 1342 ideo
1651 1288 1887 1344 ducibus
1943 1298 2185 1359 praestat.
2218 1288 2357 1342 Tur-

770 1380 1007 1435 marehze
1037 1389 1149 1435 tres
1200 1382 1301 1435 sub
1333 1396 1393 1436 se
1447 1380 1689 1451 drungos
1752 1381 1987 1447 habent;
2021 1383 2358 1452 drungarius

770 1487 899 1525 vero
949 1472 1164 1542 druugo
1200 1472 1292 1526 uni
1353 1480 1590 1541 prmest;
1636 1473 1883 1542 drungus
1915 1480 2099 1526 autem
2134 1484 2217 1527 est
2240 1466 2359 1527 eol-

772 1565 935 1621 iectio
964 1566 1205 1619 virorum
1244 1581 1421 1638 usque
1456 1564 1525 1619 ad
1559 1564 1661 1620 tria
1684 1566 1889 1632 millia;
1925 1581 2160 1636 namque
2192 1569 2357 1621 trium

770 1658 1000 1712 millium
1041 1658 1293 1713 collectio
1328 1675 1436 1713 non
1486 1672 1572 1714 est
1612 1659 1722 1729 jam
1752 1660 2019 1730 drungus,
2066 1660 2160 1715 sed
2188 1677 2360 1731 neque

772 1751 955 1805 minus
997 1767 1162 1821 quam
1202 1754 1389 1819 mille;
1426 1754 1498 1807 ita
1530 1764 1589 1807 ut
1623 1754 1800 1809 tribus
1839 1755 2127 1807 minimum
2189 1754 2357 1808 milli.

771 1842 875 1897 bus
896 1843 1081 1911 prmsit
1137 1844 1449 1897 turmarcha
1485 1851 1540 1898 et
1587 1843 1654 1897 ad
1700 1858 1976 1899 summum
2022 1858 2217 1897 novem
2239 1843 2358 1897 mil-

2466 645 2904 715 ἑκατόνταρχοι)·
2957 646 3095 713 μετὰ
3114 644 3338 707 τούτους
3386 645 3609 715 λοχαγοὶ
3653 648 3749 698 καὶ
3790 647 4058 715 δέκαρχοι

2466 738 2561 792 καὶ
2598 738 2916 808 πένταρχοι,
2940 738 3018 790 εει
3044 753 3106 805 γε
3140 739 3246 808 μὴν
3271 738 3406 807 πρὸς
3438 736 3650 800 τούτοις
3679 739 3729 790 οί
3757 738 4055 809 τέτραρχοι

2466 828 2811 898 καλούμενοι.
2864 828 3169 900 Ὑπηρέται
3225 828 3283 881 δὲ
3335 828 3456 881 καθ’
3499 830 3734 882 ἕκαστον
3782 830 3974 895 τάγμα
4004 829 4063 879 οἵ

2466 939 2527 974 τε
2560 921 2883 993 βινδοφόροι
2913 922 3007 975 καὶ
3034 923 3083 974 οἰ
3115 922 3488 991 μανδάτωρες,
3527 919 3851 973 sumsum
3876 936 3937 971 τε
3960 921 4060 971 καὶ

2467 1014 2755 1083 κρίδαντες
2812 1016 2906 1066 καὶ
2948 1016 2997 1067 οἰ
3048 1014 3141 1067 ἐπὶ
3172 1011 3266 1066 τοῦ
3305 1012 3526 1066 τούλδου
3557 1012 3892 1083 καλούμενοι
3918 1029 3930 1041 ·
3961 1012 4059 1063 καὶ

2467 1108 2605 1178 πρὸς
2633 1107 2842 1169 τούτοις
2870 1108 2921 1159 οἱ
2959 1106 3244 1177 λεγόμενοι
3290 1105 3560 1176 μίνσωρες
3590 1106 3623 1175 ἢ
3672 1103 4053 1173 μινσουράτω-

2469 1218 2585 1273 ρες,
2642 1201 2816 1271 ίατροί
2864 1217 2924 1253 τε
2976 1202 3069 1252 καὶ
3137 1198 3527 1270 βυκινάτωρες.
3586 1196 3909 1267 Στρατηγδς
3953 1195 4051 1265 μὲν

2465 1289 2557 1347 οὖν
2584 1295 2731 1347 ἐστιν
2760 1294 2787 1346 6
2812 1290 2907 1345 τοῦ
2942 1292 3176 1362 στρατοῦ
3198 1292 3397 1354 παντὸς
3415 1288 3805 1360 ἀφηγούμενος
3832 1290 3933 1341 καὶ
3953 1289 4053 1357 τὴν

2466 1385 2652 1437 πᾶσαν
2676 1383 2849 1455 ἀρχὴν
2877 1382 3027 1455 παρὰ
3055 1383 3157 1453 τῆς
3209 1383 3490 1453 βασιλείας
3512 1381 3671 1454 ἡμῶν
3709 1384 4052 1452 ἐπιτετραμ-

2468 1477 2630 1547 μένος
2652 1477 2746 1531 καὶ
2773 1477 2882 1530 τῶν
2904 1475 3191 1548 ἡγεμόνιον
3238 1473 3328 1528 διὰ
3358 1474 3520 1528 τοῦτο
3563 1475 3785 1528 πάντων
3806 1475 4058 1540 ὲξουσιάυ

2467 1568 2575 1633 ζων
2597 1586 2610 1600 ·
2646 1570 3001 1640 τουρμάρχης
3023 1568 3080 1620 δὲ
3103 1570 3131 1621 6
3162 1569 3313 1639 τρεῖς
3338 1569 3381 1599 ’³
3405 1567 3709 1639 δρούγγους
3750 1568 3844 1636 ὑφ’
3870 1567 4059 1620 ἑαυτὸν

2467 1660 2605 1729 ἔχων
2630 1676 2643 1691 ·
2671 1659 3033 1729 δρουγγάριος
3091 1659 3149 1711 δὲ
3183 1662 3211 1713 6
3242 1660 3509 1730 δρούγγου
3544 1659 3731 1728 ἄρχων
3772 1660 3897 1721 ἑνός
3928 1670 3943 1686 ⁸
3974 1650 4063 1726 dri

2465 1750 2509 1803 δ’
2546 1750 2612 1804 ἂν
2644 1750 2911 1820 δροῦγγος
2942 1751 2989 1780 ¹¹
3027 1749 3089 1802 τό
3143 1748 3308 1819 μέχρι
3359 1749 3469 1803 τῶν
3497 1749 3819 1821 τρισχιλίων
3848 1749 4060 1818 ἀνδρῶν

2468 1838 2753 1910 σύστημα,
2793 1838 2919 1893 οὗτε
2954 1840 3011 1892 δὲ
3053 1839 3161 1893 τῶν
3193 1840 3510 1911 τρισχιλίων
3548 1842 3813 1895 ἐπέκεινα
3865 1842 3956 1911 εἴη
4001 1841 4060 1895 ἂν

770 1933 916 1989 libus
942 1952 956 1999 ;
989 1934 1325 2005 drungarius
1352 1950 1482 1990 vero
1507 1935 1716 2004 pariter
1748 1935 1891 1990 mille
1921 1935 2357 1990 minimumlviris

2464 1931 2902 1999 δροῦγγος,οὖτε
2935 1932 3043 2004 μὴν
3073 1932 3181 1987 τῶν
3239 1933 3428 2004 χιλίων
3478 1932 3721 2001 ἔλαττον,
3774 1934 3928 1988 ὥστε
3984 1937 4059 2004 εἵη

768 2032 824 2075 et
882 2022 949 2076 ad
978 2038 1257 2077 suntmqu
1287 2024 1469 2077 tribus
1491 2024 1756 2079 millibus.
1788 2023 1989 2079 Comes
2020 2026 2363 2081 uniusbaudi

769 2115 879 2167 dux
919 2113 1099 2183 :apud
1126 2124 1333 2169 Veteres
1370 2113 1590 2184 quidem
1633 2112 1849 2170 bandus
1880 2117 2102 2185 preprie
2152 2124 2207 2170 et
2235 2132 2363 2186 spe—

770 2204 983 2259 cialiter
1022 2205 1311 2259 dicebatur
1366 2203 1703 2270 ﬂammulus,
1767 2206 2067 2276 improprie
2105 2222 2235 2261 vero
2269 2223 2365 2275 ag-

771 2312 895 2350 men
921 2295 1286 2350 ducentorum
1320 2296 1563 2350 virorum
1598 2311 1775 2366 usque
1810 2297 1878 2351 ad
1904 2298 2362 2369 quadringentos,

768 2386 1032 2455 quoniam
1074 2386 1440 2441 ducentorum
1498 2397 1553 2441 et
1585 2387 1821 2458 amplius
1873 2390 2117 2444 virorum
2166 2406 2361 2461 agmen

770 2482 993 2551 dignum
1020 2483 1193 2535 visum
1224 2490 1310 2535 est
1335 2480 1479 2550 quod
1509 2483 1789 2552 proprium
1819 2480 2043 2539 haberet
2070 2485 2265 2540 ducent
2308 2494 2364 2541 et

775 2574 1016 2629 handum
1051 2573 1326 2642 elliccret;
1354 2590 1541 2631 comes
1594 2578 1778 2647 itaque
1818 2576 2035 2633 duobus
2078 2579 2361 2633 minimum

770 2664 1085 2719 centarchis
1115 2676 1369 2734 prreerat.
1421 2666 1581 2721 Nunc
1611 2678 1795 2723 autem
1815 2669 1957 2724 inter
1986 2670 2198 2739 pedites
2224 2671 2361 2725 bau-

771 2756 879 2811 ιΙιιε
930 2765 1012 2810 est
1064 2771 1257 2826 agmen
1296 2757 1663 2812 ducentorum
1693 2766 1749 2814 et
1780 2758 2019 2829 amplius
2071 2776 2244 2831 usque
2292 2761 2361 2815 ad

771 2848 1205 2917 quadringentos
1280 2849 1349 2903 ad
1399 2865 1712 2917 summum;
1766 2850 1909 2906 inter
1961 2853 2174 2923 equites
2208 2869 2359 2921 vero,

771 2930 1173 3011 quinquaginta
1234 2942 1483 2996 virorum
1548 2943 1860 3011 minimum,
1919 2945 2015 3000 sed
2066 2947 2363 3016 procedere

774 3040 955 3103 potest
995 3048 1169 3103 usque
1197 3033 1265 3087 ad
1297 3044 1571 3090 trecentos
1598 3044 1654 3091 et
1683 3035 2087 3107 quinquaginta
2156 3048 2253 3094 aut
2290 3037 2359 3093 ad

775 3139 1054 3179 summum
1078 3127 1531 3199 quadringentos,
1565 3128 1712 3199 quod
1738 3130 1878 3184 idem
1908 3129 2021 3186 fere
2034 3140 2117 3187 est
2132 3147 2197 3186 ac
2212 3133 2360 3203 quod

774 3234 923 3273 nunc
992 3218 1248 3289 allagium
1331 3221 1534 3276 dicitur
1585 3238 1600 3274 :
1650 3221 1811 3277 hodie
1874 3223 2021 3277 enim
2094 3224 2356 3295 allaglum

774 3312 977 3366 dicitur
1024 3328 1216 3383 agmen
1255 3312 1494 3368 virorum
1532 3314 1953 3385 quinquaginta,
1999 3318 2223 3387 quodin
2251 3333 2354 3373 suo

774 3418 975 3472 genere
1000 3404 1067 3457 ad
1095 3413 1317 3459 centum
1346 3406 1743 3477 quinquaginta
1776 3409 2055 3478 pervenit;
2077 3424 2197 3480 quae
2222 3426 2355 3466 vero

774 3498 830 3551 in
870 3505 1062 3553 nostro
1093 3497 1321 3567 imperio
1350 3498 1544 3570 allagia
1572 3500 1835 3554 dicuntur
1867 3500 1935 3556 ad
1965 3511 2235 3558 trecentos
2274 3503 2353 3557 vi-

774 3589 909 3660 ginti
973 3597 1069 3643 aut
1124 3589 1287 3645 etiam
1353 3591 1787 3662 quinquaginta,
1850 3601 1906 3648 et
1956 3593 2024 3647 ad
2076 3608 2353 3648 summum

774 3680 1229 3750 quadringentos,
1249 3680 1396 3736 sicut
1421 3681 1720 3738 etiamnum
1768 3686 1914 3755 apud
1946 3683 2207 3741 Thracios
2227 3695 2355 3740 sunt

778 3773 1025 3826 virorum
1053 3781 1423 3828 trecentorum
1454 3784 1507 3828 et
1538 3775 1753 3845 viginti,
1782 3784 1840 3831 et
1862 3776 2005 3847 apud
2023 3777 2354 3833 Charsianos

777 3872 1146 3921 trecentorum
1211 3872 1267 3920 et
1320 3866 1750 3937 quinquaginta;
1781 3864 1926 3937 apud
1978 3866 2355 3923 Occidentales

777 3966 954 4011 autem
960 3956 1223 4042 .quaadam
1276 3967 1404 4012 sunt
1442 3959 1988 4031 quadringentorum.
2048 3959 2353 4015 Centarcha

777 4062 873 4102 seu
904 4048 1152 4102 centurio
1193 4048 1396 4103 dicitur
1428 4052 1522 4120 qui
1554 4060 1778 4107 centum
1808 4052 1941 4107 viris
1965 4062 2179 4121 praeest,
2210 4053 2355 4107 sicut

778 4148 833 4194 et
859 4141 1325 4209 peutecontarcha
1359 4142 1455 4211 qui
1481 4142 1902 4213 quinquaginta.
1933 4143 2241 4215 Lochagus.
2287 4146 2355 4201 iis

777 4228 870 4295 qui
888 4228 1191 4283 secundum
1214 4230 1447 4301 agminis
1466 4232 1892 4302 profunditatem
1911 4250 2006 4289 seu
2025 4235 2355 4291 densitatem

776 4330 929 4377 stant
986 4336 1152 4391 :quae
1204 4322 1550 4392 profunditas
1612 4326 1886 4381 sexdecim
1945 4326 2012 4381 ad
2079 4341 2356 4383 summum

777 4420 864 4467 est
895 4411 1176 4473 virorum;
1234 4415 1452 4485 proprie
1509 4416 1654 4469 enim
1700 4416 1895 4473 lochus
1940 4417 2149 4474 dicitur
2185 4418 2357 4476 series

780 4506 1018 4559 virorum
1052 4506 1348 4573 sexdecim,
1383 4509 1684 4579 improprie
1712 4519 1893 4567 autem
1936 4528 2112 4583 usque
2144 4514 2213 4570 ad
2255 4514 2357 4569 tri-

2465 2021 2533 2075 ἂν
2560 2021 2588 2074 ὁ
2625 2022 2724 2090 μὲν
2756 2024 3114 2094 τουρμάρχης
3142 2024 3458 2096 τρισχιλίων
3517 2026 3731 2097 ἀνδρῶν
3785 2026 3982 2097 ἄρχων
4006 2029 4061 2080 τὸ

2466 2110 2710 2177 ἔλαττον,
2743 2110 2803 2165 τὸ
2842 2112 2901 2165 δὲ
2955 2113 3211 2167 πλεῖστον
3241 2116 3677 2186 ἐννακισχιλίων,
3708 2117 3737 2169 6
3772 2116 3832 2169 δὲ
3861 2118 4059 2187 δρουγ-

2466 2204 2657 2275 γάριος
2686 2204 2946 2269 ὡσαύτως
2968 2206 3029 2259 τὸ
3088 2207 3187 2275 μὲν
3219 2207 3443 2262 ἔλαττον
3490 2209 3699 2280 χιλίων,
3732 2211 4062 2281 τρισχιλίων

2464 2294 2523 2347 δέ
2552 2310 2615 2363 γε
2640 2294 2734 2348 καὶ
2758 2295 2807 2327 ⁸⁸
2838 2295 2900 2348 τδ
2933 2296 3189 2350 πλεῖστον
3212 2310 3228 2326 ⁶
3269 2296 3449 2368 κόμης
3476 2298 3538 2351 δὲ
3573 2300 3602 2352 ό
3640 2297 3841 2369 βάνδου
3872 2300 4060 2370 ἄρχων

2463 2385 2603 2449 ἑνός.
2633 2386 2732 2456 Εῖη
2771 2385 2818 2440 δ’
2846 2386 2912 2440 ἂν
2934 2387 3076 2441 κατὰ
3134 2389 3261 2454 τοὺς
3306 2390 3573 2455 παλαιοὺς
3623 2390 3822 2460 βάνδον
3853 2393 4058 2463 κυρίως

2469 2480 2567 2550 μὲν
2595 2480 2657 2533 τὸ
2694 2480 2979 2546 ἰδιωτικῶς
3008 2480 3344 2554 καλούμενον
3382 2484 3717 2554 φλάμονλον,
3772 2503 4059 2558 καταχρη-

2466 2572 2664 2635 στικῶς
2688 2572 2745 2625 δὲ
2776 2573 2837 2626 τὸ
2856 2572 2966 2626 τῶν
3011 2574 3303 2630 διακοσίων
3323 2578 3418 2641 καὶ
3455 2578 3617 2648 μέχρι
3647 2578 3761 2632 τῶν
3788 2596 4060 2651 τετρακο-

2466 2664 2597 2716 σίων
2627 2664 2833 2734 ἀνδρῶν
2859 2666 3115 2729 συνεστὸς
3140 2668 3188 2699 ”
3221 2658 3429 2736 πλῆθος
3468 2668 3710 2737 ἐλέγετο,
3738 2670 3818 2733 ῶς
3851 2672 4062 2736 ἀξιολό-

2463 2770 2563 2823 γου
2592 2753 2685 2807 τοῦ
2711 2754 2820 2806 τῶν
2868 2754 3163 2810 διακοσίων
3189 2757 3288 2811 καὶ
3316 2760 3579 2813 ἐπέκεινα
3609 2758 3655 2791 ⁸⁵
3706 2765 4063 2833 συστήματος

2462 2848 2616 2913 ὄντος
2662 2848 2873 2913 λοιπὸν,
2926 2849 3068 2903 ὥστε
3121 2852 3218 2905 καὶ
3267 2853 3448 2923 ἀρχήν
3490 2870 3617 2909 τινα
3670 2856 3802 2910 καθ’
3854 2857 4060 2911 ιαυτοῦ

2465 2942 2829 3013 ὑπεμφαίνειν
2865 2943 3026 2997 τοῦτο
3073 2944 3170 2997 καὶ
3226 2945 3419 3013 βάνδον
3462 2946 3692 3019 ἁνιστᾷν
3718 2949 3881 3013 ἴδιον,
3917 2950 4059 3005 ὥστε

2462 3029 2529 3105 ἦν
2551 3035 2619 3089 ἂν
2649 3033 2678 3086 6
2694 3034 2871 3105 κόμης
2898 3035 2993 3089 δύο
3017 3038 3336 3108 κεντάρχων
3358 3040 3547 3111 ἄρχων
3571 3041 3636 3095 τὸ
3662 3042 3917 3097 ἔλαττον.
3946 3044 4060 3097 Νῦν

2460 3124 2519 3177 δὲ
2553 3124 2743 3193 βάνδον
2772 3124 2867 3177 ἐπὶ
2897 3123 3000 3194 μὶν
3028 3124 3272 3191 πεζικῶν
3296 3130 3593 3199 ταγμάτων
3628 3129 3692 3184 τὸ
3720 3132 3834 3185 τῶν
3876 3133 4061 3188 διακο-

2464 3215 2594 3269 σίων
2620 3215 2836 3287 ἀνδρῶν
2858 3217 2953 3270 καὶ
2982 3217 3239 3273 ἐπέκεινα
3267 3220 3318 3251 “
3349 3220 3606 3291 σύστημα
3632 3222 3801 3293 μέχρι
3827 3225 3945 3277 τῶν
3976 3242 4060 3278 τε·

2459 3306 2844 3371 τρακοσίωντὸ
2862 3308 3140 3375 πλεῖστον,
3167 3310 3263 3363 ἐπὶ
3278 3311 3543 3379 μέντοιγε
3581 3315 3627 3345 ⁸⁷
3667 3314 3782 3366 τῶν
3814 3317 4061 3369 ἱππικῶν

2460 3398 2524 3452 τὸ
2578 3398 2693 3452 τῶν
2719 3401 3065 3472 πεντήκοντα
3109 3402 3213 3470 μὲν
3234 3402 3296 3455 τὸ
3313 3402 3619 3472 ἐλάχιστον,
3649 3407 3975 3475 προκόπτσν
4002 3408 4059 3461 ἃ

2464 3490 2629 3562 μέχρι
2645 3491 2741 3545 καὶ
2760 3492 3087 3563 τριακοσίων
3104 3493 3445 3564 πεντήκοντα
3461 3497 3495 3565 ἢ
3512 3496 3574 3549 τὸ
3594 3496 3853 3551 πλεῖστον
3864 3515 4060 3569 τετραο

2462 3585 2682 3649 κοσίων,
2704 3584 2867 3638 ταύτό
2883 3585 2930 3617 ’⁸
2950 3602 3067 3649 πως
3083 3584 3142 3640 ὃν
3159 3585 3237 3657 τῷ
3253 3585 3349 3641 νῦν
3369 3588 3612 3659 άλλαγίῳ
3629 3589 3677 3620 ⁸⁵
3694 3590 4023 3663 καλουμένῳ
4039 3607 4055 3621 °

2460 3676 2716 3745 ἀλλάγιον
2726 3676 2833 3748 γὰρ
2848 3676 3063 3747 λέγεται
3083 3677 3181 3747 μὲν
3193 3678 3395 3750 ἀρτίως
3410 3680 3577 3733 καὶτὸ
3588 3680 3697 3733 τῶν
3712 3684 4059 3753 πεντήκοντα

2467 3769 2742 3840 σύστημα,
2761 3770 2975 3842 πρόεισι
2990 3769 3047 3824 δὲ
3059 3771 3119 3825 τὸ
3137 3772 3235 3842 μὲν
3252 3771 3519 3825 ἰδιωτικὸν
3532 3774 3805 3844 καὶμέχρι
3820 3775 3935 3828 τῶν
3952 3783 3997 3844 ρ’
4014 3776 4057 3807 ³⁸

2468 3863 2829 3933 πεντήκοντα,
2852 3862 2921 3915 τὰ
2950 3862 3009 3917 δέ
3034 3878 3097 3931 γε
3122 3865 3219 3934 τῆς
3245 3863 3519 3932 βασιλείας
3551 3865 3710 3935 ἡμῶν
3742 3866 4058 3936 καλούμενα

2464 3952 2698 4022 ἀλλάγια
2711 3954 2805 4008 καὶ
2824 3954 2988 4024 μέχρι
3012 3954 3122 4008 τῶν
3146 3952 3225 4007 τκ⁹
3244 3955 3287 3987 ³⁸
3310 3957 3404 4008 καὶ
3419 3963 3494 4008 τν⁸
3517 3957 3563 3988 ⁸³
3583 3956 3617 4026 ἢ
3643 3957 3773 4024 τότε
3806 3961 4056 4012 πλεῖστον

2463 4043 2530 4111 υ’,
2565 4048 2726 4100 ὁποῖα
2749 4046 2843 4101 νῦν
2870 4048 2976 4099 είσι
3000 4045 3061 4099 τὸ
3085 4045 3185 4115 μὲν
3229 4046 3337 4099 τῶν
3378 4046 3705 4118 Θρᾳκησίων
3731 4048 3841 4113 τί,
3896 4052 3961 4103 τὸ
4001 4051 4055 4103 δέ

2463 4153 2527 4206 γε
2553 4136 2663 4189 τῶν
2692 4137 3021 4208 Χαρσιανῶν
3066 4138 3401 4209 τριακοσίων
3425 4138 3490 4205 ν’,
3523 4140 3617 4193 καὶ⁵
3645 4140 3759 4194 τῶν
3782 4142 4056 4213 ἑσπερίων

2461 4228 2757 4299 ταγμάτων
2770 4229 2924 4293 αὖθις
2939 4229 3057 4283 ἔνια
3076 4232 3240 4301 μέχρι
3262 4233 3355 4284 καὶ
3374 4234 3822 4302 τεσσαρακοσᾱυν
3841 4234 4055 4305 ἀνδρῶν

2462 4319 2562 4391 τὴν
2601 4320 2862 4373 σύστασιν
2914 4320 3127 4391 έχουσι.
3186 4322 3502 4393 Κένταρχος
3542 4324 3599 4377 δὲ
3643 4324 3900 4378 καλεῖται
3961 4328 4054 4379 καὶ

2465 4411 2766 4483 κεντηρίων
2796 4414 2825 4466 ό
2852 4413 3275 4484 ἑκατόνταρχος,
3303 4413 3497 4485 ῶσπερ
3521 4415 3586 4485 δὴ
3611 4417 3709 4469 καὶ
3736 4420 4048 4487 πεντηκόν-

2464 4522 2663 4577 ταρχος
2698 4506 2728 4559 6
2753 4507 3091 4577 πεντήκοντα
3118 4506 3331 4577 ἀνδρῶν
3358 4508 3744 4578 ἀφηγούμενος
3766 4526 3781 4539 ·
3816 4509 4051 4579 λοχαγὸς

780 4598 931 4667 ginta
998 4596 1109 4652 duo
1162 4599 1365 4654 dicitur
1393 4600 1559 4655 etiam
1596 4601 1791 4658 lochus
1824 4621 1838 4658 :
1868 4604 2131 4676 lochagus
2171 4616 2354 4662 autem

2465 4596 2523 4649 δὲ
2570 4599 2600 4650 6
2665 4596 2774 4651 τῶν
2827 4597 2971 4651 κατὰ
3032 4598 3094 4650 τὸ
3140 4597 3237 4650 τοῦ
3266 4598 3545 4668 τάγματος
3596 4596 3762 4668 βάθος
3793 4600 3827 4670 ἢ
3878 4602 4051 4669 πάχος

780 4701 1010 4745 vocatur
1048 4699 1379 4759 protestates
1424 4700 1480 4747 et
1521 4694 1874 4764 promachus.
1925 4695 2204 4753 Decarcha
2229 4714 2359 4753 vero

780 4781 984 4838 dicitur
1030 4798 1140 4843 non
1197 4784 1416 4854 quidem
1462 4786 1556 4855 qui
1614 4786 1798 4842 decem
1847 4788 2050 4856 presit,
2113 4791 2208 4844 sed
2263 4791 2355 4860 qui

783 4874 992 4943 primus
1032 4875 1290 4931 estinter
1335 4875 1522 4931 decem
1556 4893 1570 4931 :
1604 4877 1693 4933 ubi
1740 4878 1884 4932 enim
1930 4885 2060 4932 sunt
2120 4877 2354 4942 decem,

783 4982 928 5021 unus
967 4982 1163 5021 novem
1211 4966 1423 5023 caeteris
1473 4979 1704 5039 prtecst;
1761 4970 1907 5024 sicut
1956 4978 2011 5023 et
2057 4970 2355 5040 pentarcha

786 5074 894 5113 non
924 5058 1168 5129 quinque
1197 5069 1413 5129 praeest,
1442 5060 1537 5115 sed
1558 5070 1641 5115 est
1686 5061 1895 5130 primus
1922 5062 2059 5116 inter
2083 5061 2351 5131 quinque,

783 5156 839 5201 et
869 5148 1073 5217 pariter
1130 5147 1441 5202 tetrarcha:
1474 5163 1579 5203 nun
1640 5148 1901 5220 lochagus
1944 5158 2124 5203 autem
2174 5150 2353 5205 solum

783 5238 982 5293 dicitur
1004 5246 1334 5309 protestates
1364 5247 1417 5294 et
1444 5239 1795 5310 protnachus,
1853 5237 1945 5294 sed
1972 5246 2025 5293 et
2058 5235 2355 5309 aliquando

787 5332 846 5389 lit
878 5340 937 5391 ut
977 5332 1246 5387 decarcha
1280 5333 1443 5389 etiam
1492 5346 1557 5391 eo
1578 5332 2055 5408 nontine‘voeetur
2085 5349 2101 5399 ;
2133 5331 2357 5403 quando

2464 4687 2889 4759 παρισταμένων
2940 4690 3311 4759 ἡγεμονεύων,
3359 4691 3389 4743 δ
3418 4690 3484 4761 δὴ
3528 4692 3766 4761 μάλιστα
3806 4693 3922 4745 ἀπὸ
3950 4696 4045 4746 άν-

2461 4778 2604 4848 δρῶν
2642 4782 2943 4849 συνέστηκε
2970 4780 3014 4811 ³³
3050 4780 3244 4846 δεκαέξ
3269 4797 3282 4809 ·
3309 4781 3465 4852 λόχος
3492 4782 3602 4853 γὰρ
3633 4782 3693 4835 τὸ
3712 4782 3827 4835 τῶν
3850 4784 4051 4847 δεκαὲξ

2461 4872 2673 4943 ἀνδρῶν
2710 4872 2964 4943 σύστημα
2989 4873 3207 4941 λέγεται
3231 4874 3458 4944 κυρίως,
3492 4876 3963 4945 καταχρηστικῶς
3992 4878 4049 4930 δὲ

2463 4966 2559 5018 καὶ
2584 4964 2645 5017 τὸ
2664 4964 2829 5035 μέχρι
2845 4964 2953 5018 τῶν
2974 4964 3269 5036 τριάκοντα
3290 4965 3385 5018 δύο
3409 4966 3454 4997 ³⁸
3478 4965 3632 5035 λόχος
3651 4966 3905 5020 καλεῖται
3923 4986 3934 4997 ο
3954 4967 4047 5021 ὁδε

2464 5056 2529 5127 δὴ
2562 5057 2792 5127 λοχαγὸς
2822 5058 2918 5111 καὶ
2939 5058 3332 5129 πρωτοστάτης
3356 5059 3451 5111 καὶ
3479 5058 3764 5130 πρόμαχος
3796 5059 4041 5127 λέγεται.

2460 5145 2735 5220 Δέκαρχος
2762 5149 2819 5201 δὲ
2848 5143 3091 5203 καλεῖται
3125 5150 3224 5219 οὐχ
3252 5151 3280 5203 6
3302 5150 3435 5204 δέκα
3455 5150 3638 5221 ἄρχων
3662 5150 3904 5222 ἀνδρῶν,
3930 5152 4042 5206 ἀλλ’

2460 5242 2490 5294 6
2521 5240 2567 5273 ⁸³
2598 5241 2662 5294 ὲκ
2686 5240 2795 5294 τῶν
2830 5241 2963 5297 δέκα
2985 5240 3201 5311 πρῶτος
3222 5256 3238 5272 ο
3268 5238 3400 5295 δέκα
3436 5242 3547 5313 γὰρ
3578 5240 3749 5294 όντων
3778 5244 3807 5294 6
3832 5237 3916 5306 εἷς
3938 5242 4043 5296 τῶν

2466 5328 2672 5385 λοιπῶν
2715 5329 2873 5402 ἄρχει
2894 5332 3071 5397 ἐννέα,
3104 5332 3294 5403 ῶσπερ
3334 5331 3399 5403 δὴ
3432 5335 3527 5386 καὶ
3554 5333 3861 5405 πένταρχος
3884 5337 3982 5406 οὐχ
4016 5339 4043 5389 6

2063 5486 2300 5551 VARUE
2336 5486 2740 5556 LECTIONES.

862 5630 904 5661 ιο
930 5626 1109 5712 vel-Pa
1128 5628 1176 5712 ait.
1194 5627 1626 5712 δρουγγάριοιτ-
1651 5625 1896 5712 μεθξιοῦς
1919 5627 2122 5712 omissa
2150 5629 2203 5684 in
2230 5637 2381 5685 textu
2401 5629 2521 5712 ead,
2552 5648 2636 5712 m._
2651 5633 2717 5686 ad
2747 5648 2922 5712 marg.
2951 5634 3277 5712 δόξει-ἱρη-
3323 5640 3371 5672 ⁸⁸
3405 5642 3453 5695 ot
3479 5640 3539 5695 Β.
3614 5643 3659 5674 ³⁸
3688 5642 3835 5712 (τῆς,
3858 5645 4040 5699 suble-

788 5712 911 5755 cato
942 5703 1112 5767 τρεῖς,
1147 5696 1285 5751 linea
1314 5696 1723 5767 transiossum).
1762 5696 1822 5751 Β.

788 5786 945 5835 γεται
972 5765 1032 5823 Β.
1094 5770 1145 5800 ³⁵
1172 5766 1447 5830 συνεστώς
1478 5765 1532 5819 Β.
1596 5768 1641 5799 ⁸⁸
1677 5769 1928 5821 ἐπικεινα
1986 5767 2125 5889 (sic?
2165 5769 2220 5821 Β.

788 5840 835 5871 ⁸³
860 5838 995 5889 Earl.
1029 5853 1099 5889 m.
1145 5839 1370 5889 ascriut.
1422 5837 1488 5889 ad
1530 5852 1701 5889 mare.
1742 5838 1844 5889 ὅρα
1871 5838 1936 5889 τὰ
1970 5839 2078 5889 τῶν
2128 5856 2220 5889 ππε

788 5840 835 5871 ⁸³
860 5838 995 5891 Ead.
1029 5853 1099 5891 m.
1145 5839 1370 5905 ascript.
1422 5837 1488 5890 ad
1530 5852 1701 5905 marg.
1742 5838 1844 5906 ὅρα
1871 5838 1936 5890 τὰ
1970 5839 2078 5889 τῶν

1927 5699 1971 5729 ’⁸
1992 5696 2139 5778 ,Ειιιῂ
2164 5716 2240 5778 nt.
2294 5702 2520 5778 ascript.
2571 5702 2636 5757 ad
2650 5718 2848 5778 _marg.
2868 5696 2995 5776 *ὅρα
3025 5707 3116 5760 τὸν
3135 5696 3437 5778 ’δροῦτγον.

2298 5770 2344 5801 ⁸⁸
2376 5772 2623 5825 ἑπίκεινα
2647 5771 2704 5825 Β.
2764 5770 2850 5850 ,³⁷
2887 5770 3071 5845 μέντοι
3105 5794 3166 5845 γε
3176 5770 3413 5901 ὓμὲῖδὲ
3434 5798 3514 5834 τοι
3532 5780 3601 5849 Β.

2298 5839 2583 5901 νάλλάγια.
2683 5842 2727 5874 ³ο
2763 5865 2792 5901 p
2816 5844 2872 5897 Β.
2973 5844 3014 5877 ⁸¹
3036 5845 3079 5899 τ’
3103 5846 3149 5899 κ’
3222 5887 3239 5901 .
3319 5851 3364 5881 ³²
3394 5849 3436 5901 τ’
3459 5852 3501 5901 ν’
3526 5852 3584 5901 Β.

2128 5839 2317 5911 ππέων
2335 5839 2583 5911 ἀλλάγια.
2683 5842 2727 5874 ³ο
2762 5839 2792 5911 ρ
2816 5839 2900 5897 Βί
2973 5844 3014 5877 ⁸¹
3036 5845 3079 5899 τ’
3103 5839 3149 5899 κ’
3176 5839 3239 5905 ’Βξ

788 5909 850 5966 Β.
888 5907 1019 5966 Ead.
1071 5923 1147 5962 m.
1186 5910 1411 5981 ascript.
1435 5906 1502 5963 ad
1530 5923 1702 5978 marg.
1736 5909 1838 5976 ὅρα
1868 5908 2046 5961 τοίνυν
2073 5910 2161 5965 τὸν
2193 5910 2442 5980 λοχαγόν.

3550 5712 3600 5814 ::
3628 5713 3686 5765 δέ
3705 5730 3779 5814 ιε
3803 5714 3948 5814 “:1.
3958 5716 4037 5814 λέο

3319 5804 3321 5816 ν
3351 5783 3413 5834 δέ
3434 5798 3514 5834 τοι
3532 5783 3601 5849 Β.
3705 5783 3754 5814 ³⁸
3780 5783 3949 5837 ταυτό
3979 5783 4034 5837 Β.

3319 5851 3364 5924 ³-⁸
3394 5849 3436 5903 τ’
3459 5852 3501 5901 ν’
3526 5852 3608 5924 B._
3667 5852 3712 5884 ⁸³
3746 5854 4036 5924 συνέστησε

3309 5922 3353 5959 ³⁸
3384 5924 3412 5974 ό
3442 5935 3551 5976 om.
3578 5920 3640 5975 Β.

2683 5842 2727 5874 ³ο
2762 5833 2915 5913 ῥΒ.”
2973 5844 3014 5877 ﬂ
3036 5845 3079 5899 τ’
3103 5833 3136 5899 ἐ

2547 5914 2592 5946 ³³
2626 5914 2940 5985 τριάκονδύο
2998 5919 3125 5989 (sic)
3152 5917 3209 5973 Β.
