4184 6440
207 421 344 484 1101

1396 423 1729 485 ΤΑΟΤΙίᾺ.
1762 448 1831 462 -
1859 423 2262 484 APPENDIX.

3313 423 3452 486 110‘!

203 537 314 589 τῶν
350 537 510 588 πέντε
539 535 746 603 ἄρχων,
767 535 882 587 ἀλλ’
908 537 936 587 6
955 536 1019 588 ἐκ
1042 536 1148 588 τῶν
1164 536 1323 588 πέντε
1346 537 1574 606 πρῶτος
1603 536 1766 590 ὡσαύ-

1884 539 2030 591 enim
2061 539 2293 607 agminis
2338 536 2680 606 profunditas
2711 540 2832 589 non'
2866 546 2949 589 est
3004 532 3277 587 sexdecim
3309 535 3447 585 vii-o-

201 643 309 686 τως
339 625 394 675 δέ
427 625 522 675 καὶ
563 627 588 675 6
615 625 942 692 τέτραρχος·
973 625 1189 692 λέγεται
1213 625 1268 676 δὲ
1297 627 1338 656 ³⁷
1374 628 1467 679 καὶ
1489 627 1773 695 πρόμαχος

201 718 298 770 καὶ
326 717 715 786 πρωτοστάτης
753 718 795 747 ³⁸
833 719 906 786 μὴ
944 718 1101 786 μόνον
1158 719 1186 769 6
1228 719 1479 786 λοχαγὸς,
1507 718 1644 771 ἀλλὰ
1681 719 1773 771 κα1¹

198 812 227 861 ὁ
262 809 528 878 δέκαρχος
561 810 672 862 ἔσθ’
702 810 791 862 ὅτε
814 827 826 839 ·
863 809 957 862 τοῦ
1006 811 1115 881 γάρ
1160 811 1355 879 βάθους
1380 813 1412 880 ἢ
1442 813 1646 881 πάχους
1677 811 1772 865 τοῦ

197 903 479 971 τάγματος
509 904 617 956 ἀπὸ
647 901 722 967 ις’
755 902 829 973 μὴ
852 903 1004 966 ὄντος
1042 903 1273 972 ἀνδρῶν,
1315 903 1450 957 ἀλλά
1485 905 1592 957 ἀπὸ
1620 905 1770 968 δέκα,

198 995 320 1047 τότε
352 995 416 1063 δὴ
449 997 478 1047 6
523 995 786 1065 δέκαρχος
825 997 920 1049 καὶ
957 997 1344 1066 πρωτοστάτης
1396 996 1636 1049 καλεῖται
1681 996 1773 1050 καὶ

199 1087 510 1156 πρόμαχος,
569 1088 868 1156 ἐπιστάτης
905 1087 963 1140 δὲ
1015 1088 1042 1139 6
1071 1088 1326 1157 δεύτερος
1361 1088 1462 1157 "ﬁ
1502 1089 1640 1157 μετά
1682 1088 1773 1140 τὸν

199 1179 432 1247 λοχαγὸν
462 1181 494 1249 ἦ
525 1180 615 1232 τὸν
668 1181 936 1249 δέκαρχον
984 1181 1310 1249 ίστειὶμενος⁸
1361 1181 1593 1249 οὐραγὸς
1640 1180 1694 1232 δὲ
1745 1183 1773 1234 6

197 1272 294 1324 τοῦ
331 1272 538 1341 πάχους
571 1271 665 1325 τοῦ
696 1273 974 1340 τάγματος
1005 1273 1254 1336 ὕστατος.
1288 1276 1378 1326 Δεῖ
1407 1275 1463 1327 δὲ
1499 1275 1634 1343 πρὸς
1649 1274 1772 1327 τού-

195 1381 315 1426 τοις
370 1365 587 1430 εἰδέναι,
641 1365 715 1427 ὡς
765 1366 948 1433 τάγμα
1009 1367 1108 1435 μὲν
1150 1368 1243 1419 καὶ
1296 1367 1448 1432 τάξις
1484 1366 1649 1437 μέρος
1673 1368 1773 1436 τῆς

199 1454 561 1523 παρατάξεώς
613 1456 762 1507 ἐστιν
803 1455 867 1518 ³ο,
916 1456 974 1519 ἐξ
1006 1450 1066 1509 οὗ
1113 1457 1206 1508 καὶ
1253 1456 1644 1526 ταγματάρχης
1680 1459 1773 1511 καὶ

196 1544 491 1615 ταξίαρχος
528 1545 767 1612 λέγεται.
799 1546 873 1600 Τὸ
917 1547 975 1599 δὲ
1029 1547 1215 1616 τάγμα
1261 1549 1303 1579 δί
1355 1548 1644 1600 διακοσίων
1677 1549 1773 1602 ἀν-

194 1638 342 1706 δρῶν
391 1640 451 1690 τὺ
503 1638 787 1708 ἐλάχιστον
828 1636 967 1692 εἶναι
1017 1641 1195 1694 δοκεῖ·
1225 1642 1284 1692 τὸ
1321 1643 1428 1710 γὰρ
1457 1640 1659 1693 τούτων
1694 1641 1772 1694 ἔτι

196 1731 421 1783 ιλαττον
451 1730 636 1784 οὐκέτι
665 1732 851 1800 τάγμα
880 1733 1086 1798 λοιπὸν,
1111 1733 1226 1787 ἀλλ’
1263 1733 1536 1802 ἀπόμοιρα
1561 1736 1774 1803 τάγμα-

194 1836 290 1882 τος
335 1818 560 1887 κληθείη
621 1819 706 1874 άν.
745 1822 1054 1891 Παράταξις
1086 1823 1141 1874 δὲ
1176 1821 1417 1874 καλεῖται
1470 1822 1529 1874 τὸ
1556 1824 1619 1874 ἐκ
1640 1823 1770 1874 πολ-

1876 645 2016 690 rutu.
2043 630 2136 682 sed
2197 629 2382 684 decem
2409 638 2647 693 tantum,
2685 635 2815 682 tunc
2861 628 3131 681 deem-clla
3179 633 3449 694 protosta-

1874 730 1956 775 les
2005 720 2204 772 dicitur
2257 729 2310 773 et
2352 720 2719 788 promaclius;
2761 717 3021 786 cpistates
3082 732 3207 770 vero
3248 714 3447 769 dicitur

1873 812 1962 881 qui
1998 818 2105 866 stat
2152 809 2393 864 secundo
2435 813 2576 875 loco,
2630 812 2746 866 sive
2790 819 2911 878 post
2957 809 3276 877 locliagum,
3333 808 3448 861 sive

1874 915 1996 973 post
2023 904 2381 968 decarcltam;
2429 903 2720 958 caudarius
2761 909 2940 956 autem
2975 901 3066 969 qui
3118 901 3170 953 in
3215 901 3447 969 agminis

1875 995 2245 1064 profuttditate
2299 1005 2408 1050 stat.
2472 1003 2765 1050 extremus.
2841 993 3139 1047 Sciendum
3189 1002 3443 1060 praeterea

1875 1097 2110 1157 tagmata
2149 1094 2204 1140 et
2249 1095 2402 1140 laxes
2475 1100 2594 1139 esse
2637 1094 2818 1153 partes
2871 1090 3195 1152 parataxeos
3233 1099 3246 1144 ;
3303 1085 3444 1137 unde

1874 1177 2131 1232 dicuntur
2158 1187 2209 1230 et
2233 1176 2617 1245 tagmatarcliae
2635 1183 2686 1228 ct
2711 1175 3021 1228 taxiarcltae.
3056 1171 3259 1241 Tagma
3282 1187 3448 1239 porro

1873 1269 2233 1323 ducentorum
2308 1269 2593 1321 minimum
2651 1267 2890 1319 virorum
2937 1279 3056 1319 esse
3103 1264 3346 1318 videtur:
3399 1265 3446 1316 si

1873 1359 2076 1416 etenim
2105 1359 2282 1413 minor
2313 1366 2458 1413 esset
2499 1372 2780 1418 tnunerus,
2822 1372 2927 1410 non
2956 1357 3067 1422 jam
3099 1365 3302 1425 tagma,
3351 1357 3444 1409 sed

1873 1454 2128 1523 tagmatis
2191 1468 2318 1522 pars
2367 1451 2660 1506 diceretur.
2723 1451 3007 1504 Parataxis
3051 1465 3181 1503 vero
3242 1449 3445 1502 dicitur

1874 1545 2170 1598 multitudo
2216 1542 2464 1612 plurimis
2522 1542 2848 1610 tagmalibus
2914 1549 3199 1596 constans.
3237 1538 3309 1593 Os
3351 1555 3443 1593 seu

1875 1637 2161 1690 umbilicus
2197 1642 2519 1703 parataxeos
2578 1644 2662 1687 est.
2715 1635 2866 1686 locus
2913 1632 3122 1686 mcdius
3193 1631 3283 1685 ubi
3336 1638 3446 1684 stat

1873 1745 1996 1786 cum
2052 1729 2246 1783 bandis
2276 1735 2586 1796 strategus;
2614 1725 2765 1779 frons
2785 1739 2914 1778 vero
2939 1733 3024 1778 est
3061 1724 3266 1792 primus
3284 1723 3441 1788 ordo,

1873 1837 2063 1877 eorum
2098 1822 2298 1876 scilicet
2333 1822 2424 1891 qui
2457 1820 2735 1890 promaclii
2768 1819 3050 1882 dicuntur,
3079 1816 3444 1871 sicutetcau-

195 1909 303 1961 λῶν
335 1910 434 1980 ἥδη
470 1911 856 1980 συνιστάμενον
890 1911 1110 1980 πλῆθος.
1147 1913 1330 1979 Στόμα
1376 1912 1549 1964 δὲκαὶ
1583 1911 1762 1978 ὀμφα-

1870 1915 1937 1967 da
1975 1915 2027 1968 in
2084 1915 2314 1985 singulis
2360 1913 2688 1983 tagmatibus
2752 1922 3030 1968 extremus
3073 1913 3340 1975 omnium,
3387 1920 3446 1964 ut

194 1999 287 2062 λδς
318 2000 677 2070 παρατάξεως
706 2004 734 2054 ὁ
762 2004 921 2072 μέσος
948 2002 991 2032 δ’
1026 2001 1197 2068 αὐτῆς
1245 2001 1427 2065 τόπος,
1459 2001 1584 2054 ἔνθα
1623 2003 1715 2053 καὶ
1736 2004 1764 2054 ό

196 2095 506 2163 στρατηγὸς
535 2095 674 2163 μετά
702 2095 810 2148 τῶν
858 2094 1064 2164 βάνδων
1114 2095 1332 2164 ἕστηκε,
1368 2096 1616 2162 μέτωπον
1647 2095 1703 2147 δὲ
1737 2097 1766 2147 6

193 2185 414 2254 πρῶτος
472 2186 679 2254 όρδινος
711 2185 819 2238 τῶν
858 2186 1156 2256 προμάχων
1187 2186 1517 2254 λεγομένων,
1576 2186 1764 2255 ῶσπερ

191 2275 259 2345 δὴ
289 2276 384 2329 καὶ
412 2275 549 2345 οὑρά
591 2278 621 2330 6
665 2277 905 2341 πάντων,
959 2277 1034 2339 ὡς
1072 2277 1302 2345 ἔφημεν,
1349 2276 1578 2339 ὕστατος
1620 2277 1765 2347 696t-

190 2387 283 2432 νος
307 2372 354 2403 ⁸³
383 2374 440 2424 ἐν
471 2372 686 2442 ἑκάστῳ
707 2374 948 2443 τάγματι
982 2373 1221 2442 λέγεται.
1255 2373 1675 2442 Κοντουόἑρνιον
1707 2375 1763 2426 δὲ

191 2459 439 2514 καλεῖται
495 2461 556 2513 τὸ
610 2461 842 2516 ἐκάστου
881 2464 1164 2532 τάγματος
1188 2462 1404 2533 βάθοςῆ
1439 2465 1629 2533 πάχος.
1657 2466 1764 2517 Καὶ

189 2546 364 2600 ταῦτα
409 2549 507 2618 μὲν
561 2552 689 2619 περὶ
729 2551 1036 2620 ἡγεμόνων.
1081 2553 1202 2606 Τῶν
1252 2553 1307 2606 δὲ
1353 2556 1458 2607 ἀνά
1511 2557 1764 2624 τάγματα

189 2638 608 2710 ὑπηρετούντων
639 2641 956 2714 βανδοφόροι
984 2644 1081 2713 μὲν
1111 2643 1160 2696 οἱ
1184 2643 1249 2696 τά
1277 2645 1468 2706 κοινῶς
1495 2646 1540 2675 ⁸⁵
1569 2647 1764 2698 καλού-

193 2747 334 2798 μενα
372 2731 654 2801 φλάμουλα
690 2735 968 2803 φέροντες,
1007 2736 1355 2806 μανδάτωρες
1383 2737 1439 2789 δέ
1464 2737 1512 2788 οἱ
1543 2739 1638 2800 τὰς
1660 2739 1766 2792 τῶν

188 2823 478 2892 ἡγεμόνων
509 2827 774 2893 ἐπιταγὰς
832 2827 928 2881 ἐπ1⁸
979 2830 1106 2890 τοὺς
1149 2829 1487 2896 στρατιώτας
1517 2829 1764 2898 διακομί-

191 2913 396 2978 ζοντες,
426 2915 737 2969 δαιπότατοι
763 2918 931 2970 δὲκαὶ
952 2919 1240 2986 κρίϐαντες
1266 2920 1314 2970 oi
1343 2919 1450 2971 τῶν
1473 2921 1767 2988 ταγμάτων

193 3005 426 3058 κατόπιν
460 3007 747 3076 ἐρχόμενοι
779 3009 874 3062 καὶ
906 3010 1032 3072 τοὺς
1059 3010 1397 3078 τραυματίας
1430 3009 1590 3074 εὐθὺς
1631 3012 1765 3064 ἁνα-

191 3093 591 3164 λαμὸανόμενοι
646 3099 741 3151 καὶ
772 3101 882 3160 τοῖς
923 3101 1123 3170 ἰατροῖς
1153 3100 1375 3162 τούτους
1406 3103 1765 3170 ἀποκομίζον·

1865 2007 2119 2071 diximus,
2147 2008 2302 2060 ordo.
2333 2005 2762 2059 Contubernium
2802 2013 3001 2058 vocant.
3029 2004 3298 2073 cujusque
3323 2013 3443 2072 tag-

1867 2097 2026 2152 matis
2073 2095 2501 2167 profunditatem
2550 2111 2646 2149 seu
2698 2095 3048 2149 densitatem.
3099 2095 3194 2148 illa
3245 2094 3311 2148 de
3338 2094 3442 2146 du-

1866 2190 2056 2256 cibus;
2118 2189 2263 2258 quod
2294 2198 2476 2244 autem
2525 2186 2592 2241 ad
2623 2187 2925 2243 servientes
2957 2187 3292 2256 tagmatibus
3321 2188 3446 2240 atti-

1867 2292 1979 2344 net,
2005 2279 2344 2348 bandophori
2393 2287 2521 2334 sunt
2560 2277 2654 2347 qui
2697 2278 3003 2332 flammulas
3067 2279 3227 2346 vulgo
3269 2277 3447 2330 dictas

1866 2379 2123 2442 ponunt;
2156 2371 2506 2424 utandatores
2535 2369 2629 2439 qui
2679 2370 2879 2423 ducum
2917 2368 3175 2422 mandata
3229 2369 3295 2422 ad
3339 2369 3444 2421 mi-

1866 2467 1989 2520 lites
2021 2464 2320 2530 delerunt;
2370 2464 2657 2531 daepotatze
2709 2474 2763 2518 et
2823 2463 3098 2517 cribantes
3159 2463 3252 2531 qui
3305 2477 3446 2530 pone

1867 2566 2099 2622 tagmala
2122 2556 2436 2626 gradientes
2458 2555 2777 2610 vulneratos
2822 2555 3002 2610 levant
3031 2565 3084 2610 et
3114 2555 3180 2610 ad
3206 2556 3445 2608 medicos

1866 2655 2083 2716 portant
2112 2664 2124 2698 :
2156 2645 2224 2699 ad
2269 2645 2477 2700 tuldum
2526 2646 2784 2699 dicuntur
2829 2646 2922 2714 qui
2967 2645 3139 2700 totius
3165 2647 3443 2726 exercitus

1869 2739 2251 2806 impedimenta
2307 2744 2504 2791 curant.
2541 2754 2565 2789 ι
2605 2735 2812 2790 tuldum
2848 2736 2996 2790 enim
3046 2736 3238 2790 dicunt
3271 2738 3446 2806 impe-

1868 2830 2156 2893 dimenta;
2208 2835 2626 2897 procursatores
2646 2828 2738 2916 qui
2791 2837 2920 2882 ante
2970 2830 3158 2882 initam
3206 2846 3442 2899 pugnam

1866 2929 2095 2974 currunt
2145 2919 2218 2972 ad
2249 2919 2568 2974 excitandos
2607 2921 2673 2974 ad
2706 2921 3144 2989 congressionem
3189 2921 3445 2978 adversa-

1869 3013 2022 3075 rios;
2077 3020 2388 3066 cursatores
2434 3025 2561 3065 vero
2592 3010 2688 3080 qui
2717 3012 2782 3065 ad
2809 3012 3045 3079 praedam
3093 3012 3320 3081 dispersi
3355 3029 3443 3067 rc-

1868 3105 2082 3173 gionem
2114 3103 2352 3157 hostium
2405 3113 2752 3173 pervastant;
2784 3102 3102 3158 defensores
3133 3116 3312 3159 autem
3349 3108 3442 3174 qui

189 3199 302 3245 τες.
337 3183 461 3237 Ἐπὶ
503 3184 598 3238 τοῦ
652 3187 872 3240 τούλδου
908 3189 952 3219 ⁸⁵
984 3189 1040 3242 δέ
1087 3189 1376 3242 καλοῦνται
1413 3191 1462 3241 οἱ
1502 3192 1600 3259 τὴν
1626 3194 1760 3244 ἀπο-

1871 3213 2007 3265 pone
2057 3208 2470 3264 procursatores
2502 3213 2718 3267 semper
2739 3198 3054 3254 incedentes
3087 3214 3180 3254 eos
3208 3201 3436 3254 redeun-

193 3275 396 3343 σκευὴν
463 3278 929 3349 ἐγκεχειρισμένοι
980 3278 1072 3331 τοῦ
1134 3281 1368 3348 στρατοῦ
1419 3284 1762 3352 σύμπαντοςο

191 3365 410 3418 τοῦλδον
436 3367 545 3438 γὰρ
573 3371 606 3436 ή
659 3370 938 3440 ἀποσκευὴ
992 3370 1230 3439 λέγεται.
1275 3374 1766 3446 Ιῐροκουρσάτωρες

189 3455 246 3508 δὲ
278 3457 327 3509 οι
388 3457 493 3528 πρὸ
530 3459 628 3527 τῆς
660 3459 752 3512 τοῦ
786 3460 1024 3529 πολέμου
1072 3463 1349 3530 συμϐολῆς
1375 3466 1766 3534 προεκτρέχον-

189 3564 282 3610 τες
309 3550 401 3602 καὶ
427 3550 552 3612 τοὺς
577 3551 852 3613 ἐναντίους
879 3553 1015 3620 πρὸς
1043 3553 1362 3624 συμπλοκὴν
1393 3555 1726 3624 ἐρεθίζοντες
1748 3573 1761 3584 ·

191 3641 575 3710 κουρσάτωρες
596 3641 652 3694 δὲ
678 3645 728 3694 oi.
751 3643 829 3704 είς
876 3643 1106 3713 πραίδαν
1139 3645 1502 3714 ἀπερχόμενοι
1533 3647 1627 3699 καὶ
1664 3647 1762 3717 τὴν

188 3729 299 3782 τῶν
331 3730 604 3800 πολεμίων
648 3732 959 3803 ληϊζόμενοι
1003 3733 1186 3804 χώραν
1210 3751 1225 3766 ⁶
1261 3736 1596 3805 δεφένσωρες
1618 3738 1674 3790 δὲ
1709 3741 1760 3790 οἱ

190 3821 424 3875 κατόπιν
451 3824 558 3875 τῶν
589 3826 1097 3896 προκουρσατώρων
1123 3829 1210 3880 ἀεὶ
1250 3828 1399 3890 ὄντες
1424 3829 1518 3881 καὶ
1540 3826 1762 3892 τούτους

188 3919 255 3970 ἐκ
291 3917 392 3985 τῆς
417 3919 626 3988 τροπῆς
675 3921 1112 3992 ὑποστρέφοντας
1150 3923 1195 3954 ⁸⁸
1245 3923 1631 3993 ὑποδεχόμενοι
1664 3925 1760 3977 καὶ

189 4006 332 4076 ὑπὲρ
353 4009 531 4062 αὐτῶν
557 4010 947 4080 ἀγωνιζόμενοι
974 4012 1038 4067 ⁸⁷.
1087 4012 1522 4084 ’Υπερκεράσται
1569 4017 1624 4068 δὲ
1657 4034 1758 4068 κα-

1873 3296 1954 3341 tes
2002 3289 2274 3355 accipiunt
2308 3298 2362 3343 et.
2411 3304 2510 3358 pro
2553 3288 2633 3345 eis
2684 3289 2987 3358 dimicant;
3044 3291 3441 3359 Itypercerastzn

1871 3379 1965 3446 qui
1999 3379 2050 3429 in
2079 3379 2266 3432 dextro
2301 3382 2572 3436 exercitus
2603 3396 2771 3464 cornu
2801 3385 2965 3451 positi
2997 3384 3180 3438 IIOSICS
3201 3385 3440 3438 circum-

1871 3468 2097 3522 fundere
2129 3477 2338 3523 tentant
2365 3489 2378 3537 ;
2407 3471 2868 3543 plagiophylaces,
2909 3478 3002 3545 qui
3032 3477 3084 3529 in
3110 3477 3243 3530 laevo
3267 3493 3436 3531 cornu

1872 3558 2337 3628 adimpediendas
2392 3563 2632 3618 hostium
2695 3568 3208 3626 circumvolutiones
3258 3583 3311 3626 et
3372 3575 3439 3626 ad

1871 3653 2280 3717 repugnandum
2312 3661 2475 3721 atque
2518 3669 2617 3723 pro
2650 3671 2748 3710 sua
2780 3657 3035 3713 facultate
3073 3662 3437 3717 resistendum

1871 3750 1999 3794 sunt
2014 3742 2216 3809 parati;
2239 3759 2518 3800 mensores
2532 3761 2624 3800 seu
2647 3763 2835 3803 mensu
2846 3759 3050 3807 ratores
3068 3741 3157 3820 qui
3172 3757 3436 3810 exercitui

1871 3842 1996 3888 ante
2029 3843 2222 3889 euntes
2261 3836 2376 3891 vias
2411 3840 2778 3907 complanant.
2819 3859 3081 3912 equorum
3123 3862 3302 3900 escam
3349 3865 3439 3901 vc-

1867 3923 2133 3992 stigantur
2156 3936 2209 3979 et
2236 3942 2428 3993 aquas,
2463 3937 2516 3982 et
2551 3939 2810 3998 praeterea
2852 3936 3127 3989 exercitus
3171 3939 3438 3993 stationes

1868 4025 2064 4083 parant
2117 4026 2280 4088 atque
2320 4022 2467 4074 omni
2523 4025 2828 4079 ministerio
2851 4027 3186 4082 deserviunt.

188 4099 406 4152 λοῦνται
461 4103 511 4154 οἱ
567 4107 693 4172 περὶ
755 4106 815 4157 τὸ
865 4104 1038 4168 δεξιὸν
1065 4106 1233 4174 ἄκρον
1277 4107 1379 4175 τῆς
1410 4109 1765 4178 παρατάξεως
1806 4111 2197 4178 ίστάμενοιέπὶ
2222 4115 2298 4183 τῷ
2329 4116 2372 4146 ⁸⁸
2402 4116 2866 4181 κυκλῶσαι.τοὺς
2911 4122 3234 4189 πολεμίους·
3299 4125 3436 4176 πλα-

189 4191 518 4261 γιοφύλακες
547 4195 603 4248 δέ
623 4191 778 4259 αὖθις
813 4197 863 4248 οί
891 4199 953 4250 ἐκ
986 4198 1080 4250 τοῦ
1109 4200 1396 4271 ἀριστεροῦ
1437 4201 1636 4269 μέρους
1659 4201 1760 4270 τῆς
1800 4201 2162 4272 παρατάξεως
2219 4207 2494 4275 ἱστάμενοι
2526 4208 2617 4261 ἐπὶ
2650 4211 2728 4278 τῷ
2752 4213 2851 4275 τὰς
2897 4214 3046 4294 παρδά
3109 4215 3216 4266 τῶν
3277 4217 3435 4268 πολε-

190 4289 332 4357 μίων
376 4289 666 4358 γινομένας
713 4290 1013 4355 κυκλώσεις
1063 4293 1428 4362 φυλάττεσθαι
1481 4297 1575 4348 καὶ
1650 4299 1792 4350 κατά
1864 4297 1926 4350 τὸ
1956 4298 2185 4351 δυνατὸν
2209 4301 2389 4363 αὐτοῖς
2415 4303 2795 4373 ἀντιπολεμεῖν
2818 4308 2910 4358 καὶ
2928 4289 3452 4377 ἀντικσιθίστειισθαι·Δ

191 4382 465 4451 μίνσωρες
508 4385 554 4416 ⁸³
606 4385 661 4436 δὲ
699 4385 732 4454 ἢ
767 4385 814 4416 ⁸ο
853 4389 1294 4459 μινσουράτωρες
1324 4392 1372 4442 οἱ
1432 4391 1528 4442 τοῦ
1562 4391 1795 4461 στρατοῦ
1831 4394 2224 4464 προεκτρέχειν
2276 4398 2715 4468 ἀποτεταγμένοι
2765 4402 2861 4454 καὶ
2904 4402 3002 4464 τὰς
3044 4407 3083 4437 ⁵¹
3133 4406 3283 4466 ὀδοὺς
3347 4409 3433 4470 ἐξ-

186 4477 539 4547 ομαλίζοντες
594 4478 688 4530 καὶ
744 4479 842 4550 τὴν
872 4481 981 4534 τῶν
1020 4484 1200 4536 ἵππων
1236 4484 1406 4554 νομὴν
1469 4488 1798 4555 ἐρευνῶντες
1869 4489 1963 4542 καὶ
1989 4489 2057 4542 τὰ
2087 4489 2254 4543 ὕδατα
2281 4493 2372 4543 καὶ
2408 4493 2543 4561 πρὸς
2577 4493 2782 4558 τούτοις
2822 4497 2918 4564 τὴν
2943 4497 3036 4548 τοῦ
3071 4503 3432 4566 στρατοπέδου

185 4566 427 4620 διάθεσιν
448 4571 540 4620 καὶ
565 4570 747 4621 πᾶσαν
779 4569 945 4640 ἄλλην
979 4572 1289 4642 ὑπηρεσίαν
1317 4575 1506 4628 αὑτοῦ.

188 4663 439 4715 ΚΕΦΑΛ.
481 4663 1018 4735 ΛΗ’.-⁹Οπλισμὸς
1046 4668 1234 4728 πεζῶν
1246 4674 1395 4725 κατὰ
1410 4672 1751 4742 Ῥωμαίους.

1869 4671 2015 4728 CAP.
2057 4671 2443 4741 Χχχνιιι.,-
2474 4674 2719 4731 Peditum
2761 4680 2900 4747 apud
2961 4679 3225 4734 Romanos
3253 4700 3432 4735 arma-

260 4818 508 4881 Πεζικῶν
563 4820 622 4873 δὲ
687 4821 1013 4892 Ῥωμαῖκῶν
1084 4828 1441 4896 παρατάξεων
1503 4831 1617 4903 ἔχοι
1693 4836 1762 4887 ἂν

2483 4759 2620 4800 tura.

1929 4841 2308 4896 Romanouum
2348 4842 2686 4897 exercituum
2742 4844 3013 4910 peditibus
3061 4846 3428 4898 constantium

187 4911 452 4980 ὁπλισμὸς
495 4903 636 4967 ὧδε⁶
694 4914 800 4966 τῶν
867 4915 968 4984 μὲν
1030 4918 1266 4972 ὁπλιτῶν
1317 4921 1666 4992 καλουμένων
1725 4926 1759 4995 ἢ

1869 4944 2127 4988 trmatura
2165 4935 2278 4989 hac
2312 4950 2434 4990 esse
2471 4936 2650 4990 debet.
2684 4937 2880 4989 Eorum
2931 4937 3022 5005 qui
3078 4937 3293 5005 hoplitae
3347 4939 3430 4990 di-

188 5003 522 5072 τετράγωνοι
580 5004 751 5057 ἔστων
784 5009 839 5058 αἱ
881 5008 1104 5070 ἀσπίδες
1133 5009 1213 5072 εἰς
1256 5013 1439 5064 στενὸν
1463 5015 1760 5070 ἀποτελευ-

1869 5033 2054 5079 :untur
2084 5027 2195 5080 sint
2219 5027 2390 5096 clypci
2422 5025 2779 5095 quadranguli
2817 5028 2868 5079 iit
2899 5003 3187 5097 angustum
3219 5029 3287 5081 ab
3320 5030 3428 5082 imo

187 5095 364 5147 τῶσαι
397 5095 641 5148 κάτωθεν
675 5098 964 5167 σπιθαμῶν
1002 5098 1062 5163 ἒξ
1090 5099 1338 5167 ἔγγιστα,
1371 5105 1403 5173 ἢ
1441 5108 1531 5159 καὶ
1563 5109 1761 5177 τρίγω-

188 5204 274 5239 νοι
305 5187 446 5258 πλὴν
470 5188 834 5258 ἀνδρομήκεις
864 5191 1052 5259 σχεδὸν
1079 5191 1218 5244 κατὰ
1239 5192 1335 5257 τάς
1367 5197 1758 5266 τετραγώνους,

190 5281 226 5354 ἢ
257 5280 350 5333 καὶ
373 5281 699 5352 στρογγύλαι
725 5282 1013 5353 σπιθαμῶν
1035 5283 1204 5356 τριῶν
1235 5286 1370 5356 πρὸς
1396 5291 1461 5359 τῇ
1486 5291 1710 5364 ἡμισείᾳ
1732 5311 1743 5324 ·

1856 5116 2169 5174 desinentes
2221 5135 2317 5173 sex
2347 5120 2693 5174 dodrantium
2758 5128 2818 5173 ut
2844 5121 3096 5188 proximi,
3128 5123 3207 5173 vel
3263 5122 3422 5173 etiam

1856 5206 2113 5277 trianguli
2173 5211 2237 5263 ad
2295 5209 2529 5264 hominis
2573 5210 2686 5264 fere
2733 5210 3124 5279 longitudinem
3175 5211 3318 5264 sicut
3376 5219 3426 5262 ct

1855 5301 2242 5369 quadranguli,
2281 5303 2359 5357 vel
2393 5302 2610 5358 tandem
2642 5303 2858 5358 rotundi
2893 5303 3053 5356 trium
3080 5302 3422 5356 dodrantiunt

1488 5447 1719 5506 VARIAS
1763 5455 2164 5514 LECTIONES.

292 5604 338 5638 ³¹⁷
362 5603 418 5658 δέ
448 5619 558 5660 om.
591 5606 648 5658 Β.

192 5674 238 5707 ⁸⁸
268 5673 618 5742 παρατάξεως
651 5678 796 5729 ἐστίν
823 5680 878 5732 Β.

194 5744 383 5814 προμά
412 5756 657 5800 corrccto
703 5763 890 5804 errore
918 5748 1041 5803 add.
1077 5750 1136 5804 ll.

197 5829 396 5882 φοντας
429 5814 483 5868 Β.

1244 5749 1286 5781 δ’*
1303 5749 1561 5812 τακοινῶς
1594 5755 1650 5808 Β.

594 5817 634 5848 ⁸⁷
662 5818 1066 5890 ἀγωνιζώμενοι
1110 5819 1168 5874 Β.
1248 5820 1290 5852 ⁸⁸
1325 5822 1381 5876 τό
1405 5821 1462 5877 Β.

770 5606 1104 5693 "Iliadum:
1154 5612 1380 5693 ascript.
1431 5612 1494 5693 ad
1531 5629 1723 5693 _mar_g.
1793 5619 1891 5688 ὅρα
1946 5619 2035 5693 τὸν
2091 5624 2496 5693 πρωτοστάτην.

2609 5628 2651 5658 ³ο
2687 5624 2750 5692 β’,
2817 5627 3190 5693 suprascripto
3243 5645 3299 5686 ος
3360 5629 3418 5679 no

984 5679 1024 5764 δῖ
1061 5681 1191 5764 Ρξξιά.
1230 5679 1317 5764 ιη(
1344 5685 1567 5762 ascripl.
1594 5679 1699 5764 iul'
1732 5679 1904 5764 marg.
1941 5690 2038 5757 ὅρα
2057 5691 2108 5742 τί
2132 5679 2318 5761 δήποτ’
2368 5679 2482 5745 ἐστὶ
2508 5693 2568 5746 τὸ
2606 5679 2805 5764 τάγμα.
2872 5679 2915 5724 δ”
2938 5679 3187 5761 μεσόςἸζ.
3248 5679 3297 5727 δέ
3316 5698 3422 5747 τῶν

1756 5757 1799 5788 ⁸⁵
1827 5760 1904 5812 Ad
1940 5776 2124 5834 _t_na_r_g.
2176 5757 2399 5834 a_sc1'ipt.
2451 5765 2578 5834 περὶ
2617 5757 2726 5820 ’ποῦ’
2751 5757 2988 5819 τούλδου.

1553 5824 1596 5854 ’⁵9
1631 5825 1910 5898 μὶνσουρες
1940 5829 1995 5882 Β.
2033 5824 2157 5885 ’δ’οΞ
2191 5832 2248 5886 Β.

3081 5767 3126 5797 ’⁸⁸
3161 5766 3422 5834 ὑπεστρέ·

2339 5836 2378 5866 ⁸³
2417 5835 2511 5898 τάς
2539 5852 2596 5888 τε
2624 5835 2683 5890 Β.
