4200 6438
764 418 905 483 1103

1994 426 2270 487 LEOle
2299 428 2756 489 PHILOSOPHI

3878 437 4022 501 HN

756 556 883 594 cum
908 539 1134 595 dimidio
1172 559 1184 594 :
1229 541 1424 597 similis
1449 544 1603 597 color
1626 550 1681 598 et
1727 544 1943 612 signum
1970 544 2203 613 singulis
2237 560 2327 599 cu-

2439 545 2716 615 ἐχέτωσαν
2742 546 2798 599 δέ
2833 545 3033 615 μέρους
3060 547 3292 600 ἐκάστου
3342 551 3396 601 αἱ
3425 548 3650 611 ἀσπίδες
3684 549 3781 603 καὶ
3818 550 4024 619 χρῶμα

752 631 956 703 jusque
990 632 1161 702 partis
1188 633 1419 702 clypeis,
1450 635 1639 689 mediae
1690 634 1921 699 scilicet,
1948 636 2172 700 dextrae,
2209 637 2337 692 sini-

759 736 886 780 stra:
915 735 966 777 et
996 731 1340 779 czeterarnm.
1377 725 1606 781 Lancea:
1660 726 1849 781 decem
1898 727 2207 782 cubitorum
2242 740 2337 784 aut

758 814 1041 868 minimum
1075 824 1221 883 octo,
1246 834 1368 872 cum
1386 819 2180 886 cnspidihusdodrautisunius
2207 836 2331 875 cum

755 903 1004 960 dimidio.
1034 906 1255 976 Spicula
1290 924 1393 963 non
1420 924 1485 962 ex
1516 909 1677 977 lignis
1701 916 1876 965 securi
1908 913 2126 975 excisis,
2157 913 2248 966 sed
2268 928 2334 966 ex

753 998 1068 1065 quercubus
1100 1015 1289 1054 recens
1320 1000 1519 1064 acutis,
1551 1003 1633 1055 vel
1659 1005 1861 1057 craniis
1899 1004 1977 1057 vel
2010 1004 2332 1068 artzicidiis,

757 1099 817 1141 ut
861 1089 1070 1155 dicunt,
1105 1092 1187 1146 vel
1220 1093 1417 1160 quovis
1472 1094 1601 1147 alio.
1638 1095 1903 1150 l'ra:terea
1936 1096 2123 1151 loricia
2157 1096 2334 1151 [erant

756 1183 1039 1237 autetiam
1070 1184 1285 1237 clibana
1313 1186 1428 1241 sive
1454 1185 1650 1250 ferrea,
1675 1188 1789 1242 sive
1823 1204 2043 1250 cornea,
2079 1205 2199 1258 qua:
2231 1190 2331 1243 nisi

756 1283 1073 1342 suppetant,
1108 1291 1345 1345 suppara
1406 1278 1641 1333 habeant
1687 1295 1810 1333 cum
1856 1280 2116 1335 bambace
2155 1291 2206 1333 et
2238 1297 2335 1334 cu-

757 1365 923 1418 cullio
962 1365 1029 1419 ad
1065 1382 1241 1437 genua
1289 1371 1601 1438 pendentia,
1666 1371 2017 1439 manicasque
2082 1372 2333 1427 habentia

758 1472 932 1525 usque
962 1458 1027 1510 ad
1060 1459 1328 1523 cubitum,
1374 1463 1635 1516 scissuris
1692 1471 1941 1530 patentes
1972 1462 2179 1517 circum
2204 1465 2331 1518 bra-

757 1551 879 1604 chia
927 1551 994 1605 ad
1022 1553 1347 1607 emittendas
1382 1569 1609 1619 manus;
1643 1556 1936 1623 alligentur
1964 1566 2145 1612 autem
2195 1575 2335 1627 pone

761 1644 1018 1696 humeros
1056 1644 1283 1697 manica:
1336 1646 1695 1702 muliebribus
1730 1649 1926 1701 ﬁbulis.
1963 1648 2336 1705 Femoralibns

758 1748 885 1788 vero
916 1734 1340 1803 praecingantur,
1379 1736 1428 1789 id
1460 1747 1564 1800 est,
1585 1738 1778 1807 gladiis
1814 1739 1981 1793 altera
2026 1751 2180 1809 parte
2204 1757 2335 1795 acu-

758 1826 830 1880 tis
886 1825 1238 1881 dodrantium
1290 1843 1414 1882 eum
1454 1831 1650 1898 capulo
1707 1840 1962 1899 quatuor.
1996 1833 2333 1903 Chirnpsella

756 1933 978 1986 quoque
1004 1922 1133 1980 sint,
1162 1936 1282 1988 quae.
1308 1921 1597 1974 manicillia
1633 1922 1984 1987 dicunturmt
2016 1926 2329 1993 podopsella

756 2024 928 2071 aenea,
962 2010 1159 2064 deinde
1186 2013 1351 2079 galeae
1379 2014 1592 2068 eximite
1626 2016 1752 2071 tulis
1789 2017 1842 2070 in
1862 2018 2016 2086 apice
2039 2019 2328 2083 distinctae,

756 2102 962 2156 similes
991 2113 1168 2158 autem
1202 2104 1330 2158 tntae
1358 2120 1499 2175 pone
1531 2107 1793 2164 humeros
1819 2110 1872 2163 in
1906 2110 2113 2166 loriciis
2142 2121 2195 2166 et
2233 2114 2332 2166 cli-

759 2192 937 2245 banis.
970 2192 1170 2246 Eorum
1201 2201 1383 2249 tamen
1414 2198 1505 2266 qui
1559 2198 1803 2267 peltastae
1849 2210 2134 2266 vorantur,
2167 2203 2331 2256 levio-

754 2299 872 2335 rem
911 2292 1241 2338 armaturam
1266 2301 1391 2342 esse
1413 2298 1646 2357 oportet.
1683 2290 1847 2345 Scuta
1866 2294 2064 2347 etenim
2106 2294 2329 2347 orbicu-

759 2374 892 2426 laria
954 2374 1155 2429 debent
1202 2376 1403 2431 habere
1443 2380 1609 2434 trium
1660 2381 1727 2435 ad
1780 2398 2055 2437 summum
2086 2384 2327 2441 dodran-

758 2467 895 2519 tium
928 2475 1021 2520 aut
1051 2468 1286 2538 oblonga
1317 2470 1665 2526 dodrantium
1698 2486 1951 2544 quatuor,
1975 2477 2198 2533 lanceas
2227 2494 2327 2532 an-

757 2566 865 2610 tem
894 2558 1201 2614 cubitorum
1224 2570 1349 2617 octo
1379 2572 1433 2617 et
1460 2564 1645 2632 jacula
1686 2566 1917 2621 missilia
1972 2568 2114 2623 ulnas
2166 2572 2330 2627 unius

754 2665 880 2703 cum
934 2653 1090 2705 tertia
1147 2662 1299 2722 parte
1345 2657 1587 2721 circiter,
1634 2673 1741 2712 non
1798 2660 2036 2729 amplius
2077 2662 2328 2717 videlicet

753 2757 916 2810 quam
948 2743 1236 2799 duodecim
1261 2747 1605 2802 dodrantium
1627 2764 1751 2803 cum
1779 2753 2037 2821 cuspide;
2074 2754 2327 2810 thoraces

752 2848 973 2902 quoque
1004 2835 1179 2890 hamis
1211 2836 1355 2890 inter
1388 2854 1447 2892 se.
1486 2841 1757 2894 consertis
1816 2841 2005 2896 loricia
2038 2845 2246 2898 scilicet
2273 2855 2327 2899 et

751 2923 969 2977 elibana
1019 2933 1113 2977 aut
1149 2925 1321 2979 ferrea
1354 2927 1515 2981 ambo
1540 2936 1636 2981 aut
1665 2944 1889 2991 cornea.
1923 2930 2006 2985 vel
2051 2931 2095 2985 si
2113 2931 2323 2995 desint,

751 3029 986 3083 suppara
1021 3017 1282 3084 spissiora
1338 3031 1404 3071 ex
1450 3018 1571 3073 lana
1603 3020 1685 3074 vel
1715 3023 1950 3086 euculla,
1988 3024 2128 3078 sicut
2160 3038 2325 3093 supra

752 3104 1017 3169 diximus,
1051 3115 1422 3177 praetereaque
1475 3110 1754 3165 femoralia
1781 3121 1835 3165 et
1871 3113 2054 3183 galeas
2086 3130 2114 3166 a
2144 3113 2325 3168 fronte

752 3208 990 3266 apertas.
1040 3197 1273 3253 Velitnm
1309 3209 1489 3254 autem
1527 3202 1639 3256 haec
1701 3203 1772 3257 sit
1803 3212 2078 3257 armatura
2112 3221 2126 3256 :
2159 3220 2326 3274 super

752 3290 1001 3344 humeris
1072 3291 1358 3359 pharetras
1413 3300 1630 3361 portent
1692 3296 1984 3363 marsupiis
2024 3295 2326 3352 iustructas

753 3383 975 3451 triginta
1004 3382 1086 3435 vel
1117 3383 1479 3452 quadraginta
1516 3385 1623 3438 tela
1656 3388 2087 3451 continentibus,
2126 3404 2325 3445 nervos

750 3470 1098 3541 insupcrduo
1120 3471 1336 3526 tubulos
1371 3472 1579 3541 ligneos
1604 3476 1863 3531 cumtelis
1891 3477 2074 3546 parvis
2104 3486 2155 3532 et
2175 3478 2327 3532 simi-

749 3563 892 3617 libus
958 3566 1253 3635 marsnpiis
1313 3584 1326 3619 :
1383 3581 1505 3635 quae
1534 3581 1697 3636 parva
1739 3569 1841 3623 tela
1867 3570 2087 3639 quidam
2127 3579 2326 3624 vocant

750 3670 961 3710 menas.
1024 3654 1283 3709 Perutilia
1334 3666 1513 3711 autem
1573 3659 1884 3729 hujusmodi
1927 3662 2032 3715 tela
2062 3664 2113 3717 in
2182 3663 2325 3718 bello

747 3748 1007 3817 quoniam
1044 3748 1358 3815 longissime
1377 3751 1616 3805 arcubus
1651 3755 1945 3807 mittuntur
1981 3762 2035 3808 et
2074 3756 2325 3811 hostibus

747 3847 877 3894 sunt
902 3838 1197 3893 invisibilia
1232 3842 1302 3895 ob
1330 3842 1674 3907 brevitatem,
1709 3852 1763 3895 et
1796 3845 1876 3897 sic
1924 3845 2207 3900 celerrime
2238 3848 2325 3900 in-

750 3931 1049 3993 terﬁciunt,
1070 3939 1445 4001 praetereaque
1474 3933 1724 3987 hostibus
1744 3941 1963 4003 prOpter
1994 3936 2323 4003 imperitiam

745 4023 1134 4077 suntinutilia.
1190 4022 1379 4076 Jacula
1412 4039 1630 4093 quoque
1658 4035 1710 4079 et
1734 4035 1887 4079 scuta
1918 4027 2251 4081 orbicularia
2268 4036 2325 4083 et

746 4115 1031 4170 femoralia
1072 4131 1169 4171 seu
1205 4132 1429 4171 secures
1487 4117 1542 4171 in
1574 4118 1843 4172 coriaceis
1884 4118 2118 4181 loculis;
2153 4120 2321 4188 aliqui

743 4222 935 4262 eorum
968 4207 1163 4261 fundas
1184 4224 1276 4263 sex
1306 4210 1679 4272 dodrantium,
1700 4223 1799 4263 nec
1833 4209 2103 4276 minores;
2132 4225 2325 4268 eorum

742 4310 923 4355 vestes
958 4317 1066 4355 non
1094 4304 1203 4356 sint
1238 4304 1457 4367 talares,
1505 4304 1601 4359 sed
1654 4304 1720 4357 ad
1750 4318 1923 4373 genua
1981 4312 2192 4357 tantum
2224 4308 2323 4359 de-

746 4392 1036 4457 scendant,
1070 4402 1123 4447 et
1158 4394 1527 4449 calceamenta
1567 4394 1687 4448 laxe
1713 4396 1950 4465 ligentur
1982 4414 1995 4450 :
2034 4395 2324 4449 commoda

741 4485 948 4540 etenim
972 4499 1036 4538 ea
1080 4485 1263 4539 omnia
1287 4493 1343 4538 et
1373 4485 1607 4539 maxime
1630 4486 1683 4538 in
1712 4486 2020 4541 itineribus.
2043 4486 2321 4541 Sitaulem

2437 638 2532 690 καὶ
2562 641 2789 708 σημεῖον
2840 638 3029 701 ταυτδ,
3074 638 3170 692 τοῦ
3214 639 3380 708 μέσον
3436 640 3657 710 δηλαδὴ,
3693 640 3789 693 τοῦ
3815 640 4021 703 δεξιοῦ,

2435 729 2528 782 τοῦ
2582 729 2870 800 ἀριστεροῦ
2914 732 3010 783 καὶ
3050 731 3160 782 τῶν
3209 730 3432 786 λοιπῶν.
3478 732 3688 801 Δόρατα
3731 733 3791 784 δέ
3832 734 4024 793 αὐτοῖς

2437 822 2677 875 ἔστωσαν
2704 824 2987 892 δεκαπήχη
3018 824 3051 892 ἢ
3083 823 3177 875 καὶ
3203 825 3494 894 ὀκταπὴχη
3539 824 3601 876 τὸ
3640 825 3888 887 ἔλαττον,
3922 826 4023 888 τὰς

2446 914 2649 982 eti/pi:
2684 914 2873 984 ἔχοντα
2909 914 3188 984 σπιθαμῆς
3234 918 3363 986 μιᾶς
3393 918 3529 983 πρὸς
3558 919 3624 987 τῇ
3660 916 3929 985 ἡμισείᾳ·
3955 917 4025 969 τὰ

2443 1006 2626 1075 μέντοι
2664 1006 2927 1073 μεναύλια
2958 1004 3032 1074 μὴ
3057 1005 3165 1059 ἀπὸ
3202 1006 3517 1075 πελεκητῶν
3545 1007 3793 1058 εστωσαν
3818 1004 4021 1068 ξύλων,

2435 1098 2551 1150 ἀλλ’
2582 1095 2689 1151 ἀπὸ
2712 1096 2954 1150 νεακέων
2976 1096 3155 1167 δρυῶν
3181 1097 3212 1166 ἢ
3240 1096 3480 1167 κρανιῶν
3509 1097 3541 1165 ἢ
3569 1097 3677 1148 τῶν
3698 1097 4019 1166 λεγομένων

2434 1188 2782 1259 ἀρτζικιδὲων
2828 1188 2861 1257 ἢ
2918 1190 3105 1260 ἐτέρου
3158 1189 3303 1241 τοίου
3343 1190 3488 1253 τινός
3509 1190 3575 1243 ⁸³.
3625 1189 3773 1259 Πρὸς
3807 1190 4023 1249 τούτοις

2437 1278 2668 1348 λωρίκια
2720 1277 3059 1347 φορείτωσαν
3104 1278 3138 1347 ῆ
3194 1278 3289 1330 καὶ
3338 1279 3589 1331 κλιὸάνια
3629 1280 3726 1331 καὶ
3765 1279 3950 1331 ταῦτα
3985 1281 4019 1346 ἢ

2437 1370 2636 1439 σιδηρᾶ
2659 1371 2705 1403 ⁸³
2735 1371 2764 1439 ἢ
2797 1370 3080 1439 κεράτινα,
3127 1371 3334 1423 τούτων
3374 1370 3430 1423 δὲ
3476 1372 3550 1440 μὴ
3581 1371 3752 1423 ὄντων
3784 1369 4019 1424 καόἀδισ

2437 1464 2717 1532 ἐχέτωσαν
2755 1461 2893 1532 μετὰ
2945 1461 3234 1532 βαμὸάκης
3259 1464 3353 1516 καὶ
3395 1463 3742 1516 κουκουλλίου
3771 1464 3818 1497 ⁸⁸
3857 1463 4022 1531 μέχρι

2435 1553 2678 1620 γονάτων
2722 1553 3012 1621 φθάνοντα,
3074 1553 3144 1605 τά
3204 1554 3429 1622 μανέκια
3482 1554 3643 1622 μέχρι
3690 1555 3805 1606 τῶν
3834 1552 4020 1618 ἀγκώ-

2436 1662 2542 1695 νων
2566 1645 2610 1675 ⁵⁵
2634 1644 2826 1711 ἔχοντα
2853 1642 3129 1712 σχίσματά
3157 1659 3214 1694 τε
3276 1646 3404 1712 περὶ
3431 1644 3529 1707 τάς
3562 1643 3765 1705 ὠλένας
3800 1644 3945 1713 πρὸς
3963 1644 4022 1694 τὸ

2439 1733 2646 1785 ἐκεῖθεν
2704 1732 2991 1785 ἐκϐάλλειν
3051 1732 3150 1792 τὰς
3203 1735 3423 1802 χεῖρας·
3480 1734 3792 1805 κρατείσθω
3844 1735 3903 1787 δὲ
3957 1734 4022 1787 τὰ

2444 1826 2670 1895 μανίκια
2724 1825 2812 1877 διὰ
2888 1824 3329 1893 κομποθηλύκων
3386 1825 3498 1878 τῶν
3554 1827 3721 1893 ῶμων
3769 1824 4019 1893 ὄπισθεν.

2368 1888 2410 1943 Β
2441 1888 2843 1970 ὶωννύσθωσαν
2876 1916 2932 1970 δὲ
2961 1888 3055 1970 καὶ
3086 1888 3413 1988 πάραμήρια
3435 1917 3564 1986 ξίφη
3598 1888 3809 1987 δηλαδὴ
3838 1917 4023 1985 ἑτερό-

2442 2024 2615 2078 στομα
2644 2007 2936 2075 σπιθαμῶν
2990 2009 3128 2077 μετά
3176 2007 3277 2075 τῆς
3317 2009 3510 2077 κώπης
3539 2010 3587 2041 ⁸⁸
3621 2009 3797 2061 ὅντων
3825 2007 4022 2060 τεσσά-

2442 2116 2583 2169 ρων·
2616 2097 2942 2168 χειράψελλά
2971 2116 3029 2150 τε
3061 2100 3243 2161 αὐτοῖς
3270 2097 3537 2164 εστωσαν,
3575 2101 3611 2153 a
3639 2099 3704 2168 δὴ
3738 2100 3839 2151 καί
3867 2116 4022 2168 μανι-

2438 2191 2626 2244 κέλλια
2675 2191 2943 2258 λέγονται,
2971 2190 3052 2242 ἐτι
3075 2207 3134 2242 τε
3170 2192 3264 2243 καὶ
3297 2191 3597 2259 ποδόψελλα
3624 2191 3724 2243 εἶτ’
3755 2186 3852 2243 οὖν
3884 2189 4021 2260 χαλ-

2437 2281 2689 2343 κότουὸα,
2714 2280 2810 2333 καὶ
2839 2279 3067 2349 κόρυθες
3098 2280 3301 2333 τέλειαι
3331 2282 3375 2311 ⁵⁷
3397 2280 3592 2349 τουφία
3622 2280 3849 2349 ἔχουσαι
3875 2278 4022 2332 κατά

2436 2373 2536 2438 τὴν
2560 2373 2806 2441 κορυφήν
2824 2387 2839 2401 ⁸
2880 2372 2949 2425 τά
2986 2372 3044 2424 δὲ
3096 2370 3240 2425 αὐτά
3263 2372 3459 2437 templa
3492 2373 3587 2424 καὶ
3619 2374 3677 2424 ἐν
3705 2374 3823 2433 τοῖς
3851 2370 4021 2439 λωρι-

2436 2466 2575 2527 κίοις
2625 2464 2766 2516 ἔστω
2813 2465 2906 2516 καὶ
2954 2464 3253 2527 κλιϐανιοις
3293 2463 3402 2516 τῶν
3432 2463 3601 2533 ὤμων
3634 2462 3870 2515 ἀνωθεν.
3897 2460 4021 2513 Τῶν

2439 2557 2624 2626 μέντοι
2690 2555 3047 2610 πελταστῶν
3093 2556 3446 2626 καλουμένων
3498 2554 3878 2625 ἐλαφροτέραν
3918 2553 4020 2621 τὴν

2436 2651 2713 2714 ἐξόπλισιν
2751 2650 3005 2719 ποιητέον
3026 2666 3039 2678 ·
3077 2649 3303 2711 ἀσπίδες
3336 2650 3446 2719 γὰρ
3475 2648 3658 2709 αὐτοῖς
3694 2646 4019 2716 περιφερεῖς

2435 2741 2678 2795 ἔστωσαν
2710 2740 3002 2811 σπιθαμῶν
3022 2738 3191 2809 τριῶν
3226 2739 3482 2808 μάλιστα,
3522 2739 3555 2809 ἢ
3586 2738 3683 2791 καὶ
3713 2737 4018 2807 ἐπιμήκεις

2432 2834 2888 2904 τετρασπὶθαμοι,
2926 2832 3127 2902 δόρατά
3172 2849 3232 2883 τε
3283 2832 3573 2900 ὀκταπήχη
3629 2830 3727 2882 καὶ
3784 2829 4018 2881 ἀκόντια

2433 2926 2533 2979 εἴτ’
2586 2926 2681 2978 οὖν
2734 2924 2995 2997 ριπτάρια
3020 2921 3247 2993 ὀργυιᾶς
3281 2925 3409 2993 μιᾶς
3438 2922 3578 2991 πρὸς
3606 2921 3686 2991 τῷ
3721 2920 3901 2989 τρίτῳ
3926 2920 4016 2986 εγ·

2432 3037 2617 3089 γιστα,
2658 3017 2734 3087 μὴ
2774 3018 2935 3070 πλέον
2968 3016 3169 3087 δηλαδὴ
3220 3014 3510 3083 σπιθαμῶν
3533 3013 3745 3066 δώδεκα
3779 3014 4017 3065 ἕκαστον

2434 3112 2532 3164 σὺν
2572 3112 2638 3180 τῇ
2688 3110 2858 3177 αἰχμῇ
2884 3125 2897 3140 ·
2952 3107 3202 3178 θώρακες
3242 3108 3297 3160 δὲ
3329 3106 3651 3159 άλυσιδωτοὶ
3675 3105 3747 3168 ⁸⁸,
3773 3105 4016 3173 λωρὲκια

2430 3202 2633 3273 δηλαδὴ
2660 3205 2752 3254 καὶ
2775 3202 3047 3267 κλιὸάνια,
3083 3201 3116 3271 ἢ
3162 3200 3359 3269 σιδηρᾶ
3394 3202 3439 3231 ⁸⁸
3462 3200 3629 3268 ἄμφω
3655 3199 3689 3269 ἢ
3717 3198 3816 3250 καὶ
3847 3198 4014 3265 κερά-

2428 3311 2569 3357 τινα,
2600 3294 2633 3365 ἢ
2664 3292 2869 3345 τούτων
2903 3292 2978 3361 μὴ
2994 3292 3163 3344 ὄντων
3192 3291 3431 3345 καδάδια
3455 3289 3742 3361 παχύτατα
3770 3292 3838 3342 ἐκ
3869 3288 4014 3357 βαμο

2428 3384 2602 3453 δάκης
2650 3385 2744 3437 καὶ
2806 3383 3176 3448 κουκουλλίου,
3231 3384 3309 3445 ὡς
3355 3382 3561 3437 ἀνωθεν
3609 3382 3849 3451 ἔφημεν,
3874 3383 4013 3451 πρὸς

2426 3475 2637 3538 τούτοις
2666 3475 2994 3544 παραμήρια
3027 3474 3122 3527 καὶ
3164 3472 3397 3542 κόρυθες
3432 3472 3672 3534 ἀσκεπές
3700 3471 3930 3539 ἔχουσαι
3952 3469 4016 3522 τὺ

2426 3568 2741 3637 πρόσωπον,
2792 3565 2914 3618 Τῶν
2938 3565 2993 3617 δὲ
3014 3564 3185 3633 ψιλῶν
3234 3564 3542 3633 λεγομένων
3571 3558 3675 3616 ὧδέ
3718 3580 3841 3625 πως
3869 3562 4015 3614 ἔστω

2425 3658 2692 3728 ὁπλισμὸς
2716 3674 2731 3687 ο
2764 3658 2893 3727 περὶ
2928 3658 3026 3727 μὲν
3042 3657 3167 3719 τοὺς
3188 3656 3370 3727 ὤμους
3402 3656 3777 3725 τοξοφάρετρα
3807 3653 4014 3723 βαστα-

2427 3750 2673 3815 ζὲτωσαν
2704 3747 2982 3818 κούκουρα
3010 3748 3226 3817 ἔχοντες
3250 3746 3354 3799 άνά
3382 3746 3680 3815 τριάκοντα
3700 3742 3735 3812 ἦ
3767 3742 3867 3794 καὶ
3890 3758 4016 3793 τεσ-

2427 3842 2736 3912 σαράκοντα
2756 3842 2966 3902 ὀϊστοὺς
3013 3838 3314 3909 χωροῦντα,
3356 3837 3637 3905 ἐχέτωσαν
3669 3835 3725 3887 δὲ
3758 3837 3857 3887 καί⁵
3885 3851 4011 3887 νευ-

2429 3933 2531 4003 ράς
2594 3934 2699 3985 ἀνά
2767 3932 2860 3985 δύο
2917 3932 3010 3984 καὶ
3065 3930 3375 4001 σωληνάρια
3416 3928 3602 3992 ξύλινα
3629 3927 3769 3997 μετά
3795 3926 4014 3997 μικρῶν

2425 4024 2651 4076 ἕκαστον
2680 4023 2793 4053 ⁶⁰·⁶¹
2818 4020 3015 4074 ὀϊστῶν
3029 4021 3126 4075 καὶ
3162 4020 3475 4090 κουκούρων
3487 4018 3776 4071 τοιούτωνο
3807 4016 4013 4080 τοὺςᾶ

2429 4114 2656 4185 μικροὺς
2673 4114 2945 4175 τοιούτους
2970 4113 3183 4175 ὀϊστοὺς
3200 4114 3296 4166 καὶ
3324 4114 3487 4182 μένας
3516 4110 3745 4163 καλοῦσί
3772 4126 3922 4171 τινες
3941 4112 4011 4166 ⁸⁸.

2423 4205 2689 4275 Χρήσιμα
2711 4204 2767 4256 δὲ
2827 4204 2898 4254 τά
2958 4202 3087 4273 βέλη
3129 4200 3304 4256 ταῦτα
3343 4200 3487 4253 κατὰ
3515 4200 3608 4251 τὸν
3635 4199 3904 4269 πόλεμον,
3927 4201 4013 4253 ὅτι

2422 4315 2484 4351 τε
2502 4299 2547 4329 ⁸³
2580 4297 2922 4369 πορρωτάτω
2960 4296 3050 4350 διά
3073 4296 3180 4348 τῶν
3205 4296 3376 4360 τόξων
3423 4294 3757 4365 πέμπονται,
3791 4292 3893 4346 καὶ
3926 4293 4010 4345 ὅτι

2423 4388 2628 4441 ἀθέατα
2666 4390 2778 4450 τοῖς
2833 4387 3114 4456 πολεμίοις
3148 4388 3257 4439 εἰσὶ
3312 4386 3403 4439 διὰ
3433 4385 3533 4453 τὴν
3565 4383 3893 4455 βραχύτητα
3915 4383 4013 4435 καὶ

2422 4479 2511 4532 διὰ
2563 4478 2723 4531 τοῦτο
2784 4478 3015 4547 τάχιστα
3057 4476 3398 4547 ἀναιροῦσιν,
3462 4475 3640 4537 ἄλλως
3686 4490 3747 4526 τε
3796 4474 3897 4527 καὶ
3927 4474 4010 4526 ὅτι

744 4575 972 4642 insuper
1031 4575 1086 4629 in
1141 4575 1250 4629 illis
1291 4575 1532 4644 peditum
1583 4576 1888 4644 legionibus
1954 4593 2052 4645 pro
2090 4578 2319 4647 singulis

2429 4572 2538 4633 τοῖς
2591 4567 2875 4637 πολεμίοις
2918 4567 2981 4619 οὐ
3014 4566 3412 4636 χρησιμεύουσι
3436 4564 3613 4617 ταῦτα
3660 4563 3730 4615 τά
3775 4563 3910 4632 βέλη
3941 4560 4013 4614 δι’

747 4662 1051 4718 dccarchiis
1079 4663 1379 4732 plaustrum
1432 4680 1597 4718 unum
1649 4667 1846 4719 molam
1879 4667 2059 4721 ferens
2091 4683 2318 4721 manua-

751 4755 881 4820 lem,
932 4755 1247 4821 asciamque
1294 4756 1581 4824 bipennem
1612 4766 1668 4811 et
1723 4757 1933 4827 ligones
1962 4758 2098 4812 duos
2151 4770 2316 4830 atque

739 4846 1051 4901 ventilabra
1080 4856 1133 4901 et
1163 4846 1403 4901 cilicium
1428 4855 1481 4900 et
1526 4848 1785 4915 junceum
1813 4850 2107 4918 cophinum
2137 4861 2191 4905 et
2207 4865 2314 4904 cae-

738 4946 882 5000 tera,
910 4947 1168 5006 praeterea
1200 4953 1421 5007 quoque
1476 4940 1714 4993 securim
1745 4954 1808 4992 ac
1837 4940 2028 4994 falcem
2056 4950 2108 4995 et
2143 4943 2316 4996 tribu-

743 5026 827 5080 los
858 5026 1071 5081 l’erreos
1097 5029 1386 5096 colligatos
1426 5029 1598 5083 cla-vis
1635 5030 1831 5083 ferreis
1856 5046 1950 5099 per
1978 5031 2123 5084 dicta
2151 5033 2319 5101 sphe—

741 5127 953 5171 comata
988 5126 1049 5172 ut
1078 5120 1295 5174 facilius
1317 5121 1606 5174 mittantur
1633 5130 1688 5175 et
1706 5137 1900 5178 rursus
1925 5124 2273 5179 retrabantur
2298 5141 2315 5191 ;

743 5208 881 5263 [erat
902 5210 1065 5263 etiam
1098 5212 1399 5277 plaustrum
1448 5214 1705 5282 quodque
1762 5229 1926 5271 arcus
1989 5218 2320 5272 necessitate

742 5298 927 5366 plures
955 5308 1011 5353 et
1062 5301 1191 5363 tela,
1237 5310 1637 5371 paxantataque
1687 5318 1751 5358 ac
1781 5305 1970 5359 tritum
2008 5306 2216 5360 milium
2266 5314 2320 5361 et

741 5404 1084 5462 quaecunque
1125 5395 1435 5448 necessaria
1458 5409 1486 5447 a
1519 5394 1674 5449 nobis
1708 5397 1937 5452 omissa.

2423 4659 2702 4729 dustpfav.
2750 4658 2811 4709 Οἱ
2853 4657 2900 4709 δ’
2931 4656 3087 4709 αὐτοὶ
3117 4654 3261 4723 ψιλοὶ
3299 4656 3393 4708 καὶ
3435 4654 3659 4707 ἀκόντια
3687 4653 4013 4723 φερέτωσαν

2424 4753 2519 4807 καὶ
2548 4750 2869 4804 ἀσπιδίσκια
2901 4747 3210 4817 στρογγύλα
3248 4748 3340 4801 καὶ
3372 4752 3700 4817 παραμηρια
3722 4746 3757 4814 ἦ
3789 4743 4011 4808 τξικού-

2426 4862 2515 4913 ρια
2544 4843 2633 4898 διὰ
2668 4842 2951 4913 θηκαρίων
2982 4840 3359 4910 βασταζόμενα
3379 4838 3721 4910 δερματίνων
3748 4854 3763 4867 ·
3796 4836 4010 4891 τούτων

2419 4937 2473 4989 δέ
2500 4936 2629 4988 ἔνιοι
2679 4934 2776 4987 καὶ
2815 4932 3106 5001 σφενδόνας
3136 4934 3411 5002 ἐχέτωσαν
3449 4932 3549 4983 οὐκ
3587 4930 3850 4993 ἐλάττους
3881 4946 4009 4981 σπι-

2418 5028 2609 5098 θαμῶν
2640 5028 2722 5094 ἒξ.
2769 5026 2982 5094 ἰμάτια
3008 5024 3066 5078 δὲ
3092 5025 3279 5087 αὐτοῖς
3306 5025 3380 5095 μὴ
3409 5024 3640 5094 ποδήρη,
3672 5023 3811 5075 ἀλλά
3838 5024 4007 5093 μέχρι

2416 5126 2660 5195 γονάτων
2701 5124 2844 5179 ἐστω
2894 5123 3165 5189 φθάνοντα
3230 5125 3330 5176 καὶ⁵
3386 5123 3709 5190 ὑποδήματα
3762 5122 4005 5190 μετρίως

2417 5217 2781 5287 καθηλωμένα
2802 5232 2818 5249 ’
2871 5217 3045 5269 ταῦτα
3104 5215 3215 5285 γάρ
3262 5216 3509 5285 χρήσιμα
3538 5215 3632 5266 καὶ
3662 5214 3909 5282 μάλιστα
3944 5215 4003 5266 ἐν

2419 5312 2541 5373 ταῖς
2570 5309 2927 5380 ὁδοιπορίαις.
2962 5309 3143 5362 Ἔστω
3170 5308 3227 5361 δὲ
3260 5307 3397 5377 πρὸς
3439 5305 3647 5368 τούτοις
3672 5307 3731 5358 ἐν
3761 5308 3879 5367 τοῖς
3907 5322 4002 5357 πε-

2426 5401 2600 5467 ζικοίς
2629 5402 2806 5457 τοῖσδε
2832 5402 3075 5472 τάγμασι
3108 5400 3205 5453 καὶ
3238 5399 3381 5452 κατά
3415 5399 3711 5469 δεκαρχεαν
3738 5398 3927 5468 apag:
3955 5398 4001 5428 “

742 5487 847 5556 μία
875 5488 1202 5559 χειρόμυλον
1225 5491 1464 5563 φέρουσα
1492 5492 1585 5545 καὶ
1612 5486 1801 5564 ἀξίνην
1825 5495 1920 5547 καὶ
1945 5494 2196 5549 πελέκιον
2218 5495 2311 5550 καὶ
2348 5496 2581 5567 ὀρύττας
2615 5498 2708 5552 δύο
2730 5500 2822 5553 καὶ
2852 5498 2998 5551 πτύα
3034 5498 3129 5551 καὶ
3157 5496 3389 5550 κιλίκιον
3425 5497 3520 5549 καὶ
3576 5495 3801 5563 κόφινον
3876 5494 4000 5548 σιέ-

1995 5642 2226 5706 νΑΒΙᾹΞ
2261 5649 2666 5720 LECTIONES.

813 5779 857 5810 "
879 5779 1168 5852 τοιούτινὸς
1195 5779 1251 5852 Β,
1330 5782 1379 5813 ⁸⁸
1401 5783 1593 5852 σιδηρά
1614 5784 1671 5837 Β.
1738 5787 1782 5817 ⁸⁸
1817 5785 2132 5837 κουκουλίου
2171 5785 2227 5840 Β.
2305 5788 2351 5817 ⁸⁸
2379 5788 2625 5852 ἀγκὸνων
2653 5786 2709 5840 Β.

1652 5854 1695 5885 ⁸⁸
1724 5854 1766 5887 ⁸⁸
1806 5855 2034 5919 ἕκαστος
2063 5854 2123 5911 Β.
2183 5859 2225 5888 ⁶²
2254 5857 2477 5911 καλοῦσῖ
2507 5857 2649 5922 τῖνές
2675 5857 2734 5911 Β.

738 5850 897 5903 δωτοι
928 5849 986 5903 Β.
1096 5834 1362 5921 ³⁹⁷σιδηρᾶ
1384 5834 1477 5905 καῖ
1509 5834 1569 5908 Ἀ.

2808 5789 2853 5820 ⁸⁸
2879 5788 3053 5852 κόπης
3089 5787 3148 5842 Β.
3224 5790 3269 5820 ⁵⁷
3305 5789 3505 5843 τελείαι
3538 5787 3597 5843 Β.
3709 5787 3758 5821 ⁵⁸
3778 5787 3995 5843 illucet-

2838 5859 2882 5891 "
2911 5859 2968 5913 τὲ
3139 5860 3184 5889 ⁸⁸
3208 5858 3356 5930 ἆμαξ
3384 5858 3443 5913 Β.
