4200 6438
164 429 312 497 1105

1347 442 1685 504 TACTICA.
1719 469 1788 480 --
1824 445 2230 506 ΑΡΡΕΝΒΙΧ.

3290 453 3425 518 1106

157 540 387 611 παρνόν·
412 557 466 594 τε
497 543 689 597 καὶτὰ
713 543 896 610 λοιπὰ,
936 547 1072 617 πρὸς
1111 548 1658 622 τούτοιςοτζικούριον
1697 552 1792 604 καὶ
1831 553 2057 622 φαλκίον
2107 555 2150 587 ⁸⁸
2187 555 2434 622 τρισόλιά
2475 573 2534 609 τι
2599 558 2790 626 σιδηρὶ
2832 561 2920 614 διὰ
2955 563 3064 614 τῶν
3116 561 3426 631 λεγομένων

157 635 556 705 σφηκωμάτων
615 638 986 710 ἀποδεδεμένα
1025 643 1181 712 ἥλοις
1250 644 1490 716 σιδηροῖς
1533 645 1669 713 πρὸς
1701 647 1762 699 τὸ
1802 649 2000 716 ῥαδίως
2024 648 2162 702 αὐτὰ
2194 647 2481 717 ῥίπτεσθαι
2540 651 2635 703 καὶ
2686 647 2841 715 αὖθις
2905 653 3272 722 συνάγεσθαιο
3328 668 3428 720 φε-

159 726 312 794 ρέτω
336 727 392 780 δὲ
419 727 529 780 τῶν
575 730 802 798 ἁμαξῶν
853 732 1058 802 ἑκάστη
1091 733 1186 786 καὶ
1244 733 1375 798 τόξα
1417 735 1520 802 τῆς
1555 735 1746 806 χρείας
1785 736 1956 789 πλείω
1983 738 2077 790 καὶ
2107 738 2323 799 όῖστοὺς
2374 738 2706 809 παξαμάτας
2746 757 2805 793 τε
2847 743 2939 795 καὶ
3007 743 3242 815 κέγχρον
3295 743 3430 814 ἀληο

156 823 439 892 λεσμένην
473 822 518 855 ⁸⁸
543 824 637 876 καὶ
662 825 762 878 ὅσα
791 825 902 879 τῶν
933 825 1132 896 χρειῶν
1162 825 1206 879 δ’
1237 827 1401 898 ἕτερα
1419 828 1550 898 ἡμῖν
1583 829 2035 899 παραλέλειπται.

159 939 422 992 ΚΕΦΑΛ.
457 941 670 993 Λοκ-
712 940 1044 1013 Ὀπλισμὸς
1069 944 1298 999 ἱππέων
1337 949 1466 999 κατ’
1501 948 1742 1013 αὐτούς.

1862 949 2000 1004 ΞΑΡ.
2063 948 2304 1004 XXXIX.
2347 980 2410 990 —
2476 949 2730 1019 Equitum
2793 959 3078 1005 armatura
3131 952 3272 1019 apud
3315 969 3430 1007 εοε-

238 1120 382 1184 Τοὺς
442 1121 489 1174 δ’
543 1123 732 1186 ίππεϊς
784 1122 976 1176 τοῦτον
1032 1125 1319 1179 ὁπλιστέον
1369 1125 1460 1179 τὸν
1503 1127 1746 1194 τρόπον⁶

158 1213 394 1275 ἀσπίδες
428 1213 528 1280 μὲν
559 1217 671 1276 τοῖς
715 1214 1123 1284 καταφράκτοις
1171 1216 1416 1269 ἔστωσαν
1454 1217 1747 1286 ἐπιμήκεις

161 1304 465 1374 σπιθαμῶν
501 1305 741 1374 μάλιστα
802 1307 1087 1378 τεσσάρων
1113 1309 1209 1360 καὶ
1239 1308 1516 1378 ἡμισείας,
1549 1308 1749 1378 δόρατά

158 1413 227 1448 τε
275 1395 566 1465 ὀκταπήχη
601 1396 1007 1465 φλαμουλίσκια
1052 1397 1246 1468 ἔχοντα
1271 1401 1363 1451 καὶ
1396 1399 1602 1469 αίχμὰς
1625 1416 1748 1452 σπι-

162 1490 482 1558 θαμιαίους,
525 1491 620 1542 καὶ
670 1490 806 1559 πρὸς
837 1489 1087 1560 θῶρακές
1127 1507 1186 1542 τε
1229 1491 1551 1544 ἁλυσιδωτοὶ
1588 1492 1630 1522 ⁸⁷
1658 1493 1748 1544 τέ-

160 1578 305 1631 λειοι
341 1580 504 1648 μέχρι
543 1579 642 1647 μὲν
699 1580 1058 1651 ἀστραγάλων
1111 1580 1411 1648 διήκοντες,
1461 1581 1747 1651 ἀνασειρό-

165 1686 329 1738 μενοι
359 1671 414 1722 δὲ
440 1670 528 1723 διὰ
551 1669 764 1741 λωρίων
793 1672 888 1724 καὶ
914 1671 1235 1742 κρικέλωνῆ
1268 1671 1519 1725 κλιὸἀνια
1556 1673 1750 1742 σιδηρᾶ

162 1760 200 1828 ἦ
233 1761 328 1813 καὶ
362 1762 623 1830 κεράτινα
651 1762 684 1831 ἢ
729 1761 825 1815 καὶ
854 1762 1180 1832 ὲπιλωρίκια
1216 1762 1406 1832 μακρὰ
1438 1763 1574 1832 μετὰ
1609 1763 1751 1833 βαμ-

163 1849 350 1915 6άκης
413 1851 507 1902 καὶ
569 1850 920 1904 κουκουλλίου
948 1851 1015 1915 ⁸³,
1070 1849 1343 1920 σχίσματα
1375 1851 1565 1920 ἔχοντα
1621 1853 1750 1921 περὶ

162 1942 271 2003 τὰς
294 1941 518 2004 ὠλένας,
554 1942 630 2004 ὠς
675 1942 790 1994 ἄνω
830 1959 934 1993 που
967 1942 1198 2011 ἔφημεν,
1249 1942 1666 1995 ὲπανωκλίόανά
1693 1960 1750 1994 τε

163 2034 312 2102 πρδς
345 2033 558 2096 τούτοις
601 2034 798 2102 τουφία
856 2034 952 2087 εἴτ’
1015 2031 1110 2088 οὖν
1162 2035 1407 2098 λιῦέλους
1468 2035 1598 2104 περὶ
1626 2037 1751 2097 τοὺς

163 2124 357 2193 ὤμους
382 2124 572 2194 ἔχοντα
598 2142 613 2159 ο
659 2127 1021 2198 ἁπεωρείσθω
1047 2128 1092 2158 ⁸⁸
1132 2127 1189 2178 δὲ
1216 2125 1326 2177 τῶν
1381 2127 1560 2178 αὐτῶν
1587 2126 1752 2196 ῶμων

166 2217 268 2271 καὶ
289 2218 415 2286 ξίφη
445 2217 678 2287 δίστομα
709 2217 1000 2286 σπιθαμῶν
1045 2217 1175 2270 ὄντα
1217 2219 1266 2249 ⁷⁸
1299 2218 1529 2288 μάλιστα
1561 2218 1754 2271 τεσσά-

2555 1021 2696 1075 dem.

1921 1129 2146 1200 Equites
2189 1131 2292 1185 hoc
2322 1131 2486 1186 modo
2533 1131 2736 1184 armari
2760 1140 3010 1201 oportet:
3046 1129 3431 1200 Cataphractis

1850 1222 1961 1276 sint
1991 1229 2148 1276 scuta
2175 1221 2525 1276 dodrantium
2562 1223 2629 1276 ad
2675 1238 2950 1277 summum
3012 1231 3248 1292 quatuor
3305 1236 3430 1275 cum

1849 1310 2097 1375 dimidio,
2158 1312 2358 1365 lanceae
2405 1321 2585 1366 autem
2618 1312 2929 1366 cubitorum
2981 1321 3106 1366 octo
3152 1310 3432 1365 ilammula

1851 1401 2111 1456 habentes
2139 1409 2193 1455 et
2239 1401 2494 1472 cuspides
2550 1401 2835 1458 dodrantis
2867 1402 3054 1464 unius,
3085 1411 3138 1456 et
3175 1403 3432 1456 thoraces

1852 1489 2028 1544 hamis
2051 1490 2191 1545 inter
2216 1505 2275 1546 se
2323 1492 2600 1546 consertis
2641 1493 2705 1544 ad
2740 1491 3045 1563 spondylos
3077 1491 3432 1547 devenientes

1854 1579 2095 1649 lorisque
2153 1590 2207 1635 et
2265 1582 2483 1637 annulis
2522 1582 2696 1651 ligati,
2753 1584 2836 1638 vel
2885 1583 3102 1637 clibana
3135 1582 3309 1638 ferrea
3341 1591 3436 1636 aut

1853 1686 2073 1732 cornea,
2101 1671 2184 1724 vel
2205 1672 2367 1725 etiam
2401 1672 2679 1740 epiloricia
2705 1673 2863 1740 longa
2919 1689 3042 1726 cum
3085 1673 3347 1726 bambace
3380 1679 3437 1728 et

1854 1760 2113 1823 cucullio,
2151 1761 2380 1816 ﬁssuras
2438 1761 2694 1816 habentia
2724 1763 2932 1816 circum
2967 1764 3213 1827 brachia,
3272 1763 3437 1820 sicuti

1855 1867 2024 1921 supra
2065 1851 2332 1914 diximus,
2368 1862 2536 1922 atque
2583 1853 2978 1922 epanoclibana
3023 1852 3171 1907 tul'as
3232 1854 3437 1907 circum

1856 1944 2116 1997 humeros
2173 1951 2226 1997 et
2265 1943 2458 2000 libelos
2512 1945 2789 2000 habentia.
2820 1945 3246 2015 Snspendantnr
3270 1947 3434 2000 simul

1856 2035 1925 2088 ab
1971 2035 2214 2088 humeris
2263 2035 2428 2105 gladii
2487 2036 2757 2105 ancipites
2783 2037 3132 2091 dodrantium
3180 2046 3239 2091 ut
3265 2039 3439 2090 maxi-

1857 2143 1943 2181 me
1967 2135 2206 2195 quatuor
2232 2127 2440 2197 absque
2468 2129 2685 2199 capulo,
2741 2130 3029 2182 minimum
3086 2138 3266 2183 autem
3302 2144 3439 2197 qna-

1858 2228 1982 2272 tuor
2005 2233 2128 2272 cum
2157 2219 2375 2287 capulo,
2409 2228 2462 2274 et
2493 2220 2657 2275 simul
2709 2221 2832 2275 aliis
2862 2220 3060 2290 gladiis
3094 2220 3262 2272 altera
3293 2229 3441 2288 parte

169 2325 289 2378 ρων
321 2309 420 2377 τῆς
443 2308 638 2376 κώπης
661 2310 851 2380 χωρὶς,
875 2312 942 2363 τὰ
963 2310 1007 2362 δ’
1033 2311 1292 2380 ἐλάχιστα
1321 2312 1592 2381 τέσσαρας
1622 2311 1758 2375 μετά

1865 2311 2063 2372 acutis,
2091 2309 2428 2376 ancipitibus
2479 2311 2818 2381 longitudine
2855 2313 3158 2381 aequalibus
3209 2312 3443 2381 precin-

165 2401 274 2468 τῆς
301 2401 494 2470 κώπης
518 2415 534 2431 ⁶
579 2401 674 2453 καὶ
713 2402 878 2472 ἕτερα
918 2403 974 2456 δὲ
1022 2403 1330 2473 μονόστομα
1378 2403 1506 2471 ξίφη
1537 2405 1649 2464 τοῖς
1670 2402 1752 2453 δι-

170 2494 400 2562 στόμοις
449 2494 689 2564 ίσομήκη
743 2495 1296 2564 παραζωννύσθωσαν
1331 2496 1381 2546 οἱ
1422 2495 1594 2554 αὐτοὶ,
1631 2492 1666 2546 ἃ
1689 2493 1754 2564 δὴ

169 2588 274 2637 καὶ
304 2587 635 2655 παραμήρια
663 2586 937 2654 λέγονται.
971 2588 1083 2640 Καὶ
1121 2587 1218 2648 τὰς
1252 2587 1351 2656 μὲν
1380 2589 1572 2656 χεῖρας
1599 2585 1753 2638 ὁπλι-

171 2676 423 2738 ζέτωσαν
457 2679 570 2740 τοῖς
617 2679 1008 2748 χειροψέλλοις,
1069 2681 1195 2740 τοὺς
1235 2679 1280 2731 δ’
1334 2678 1399 2730 αὖ
1447 2678 1613 2740 πόδας
1639 2681 1750 2740 τοῖς

172 2769 526 2838 ποδοψέλλοις
563 2769 1006 2841 ὀνομαζομένοις,
1063 2775 1158 2824 καὶ
1201 2771 1475 2840 τούτοιςῆ
1512 2771 1752 2840 σιδηροῖς

171 2860 208 2928 ἢ
249 2859 482 2925 ξυλίνοις
531 2859 692 2930 ἢκαὶ
752 2863 816 2915 ἐκ
877 2862 1083 2932 βύρσης
1122 2860 1505 2934 εἰργασμένοις
1549 2860 1749 2930 βοείας.

177 2951 318 3021 Περὶ
348 2951 404 3005 δὲ
431 2952 528 3014 τὰς
559 2953 880 3023 ὲφεστρίδας
905 2955 1201 3025 βαρδούκια
1226 2966 1428 3016 παντες
1459 2953 1753 3022 ἐχέτωσαν,

175 3042 282 3094 εἴτ’
339 3041 430 3096 οὖν
477 3045 521 3076 ⁷⁸
579 3046 993 3117 σιδηροραύδια,
1054 3046 1149 3100 καὶ
1193 3044 1558 3113 σελοπούγγια
1623 3047 1761 3112 πρὸς

1856 2411 2070 2472 ganlur,
2101 2403 2194 2468 qui
2222 2400 2502 2455 femoralia
2530 2401 2812 2468 dicuntur,
2849 2417 3044 2456 manus
3098 2419 3226 2458 suas
3262 2404 3443 2458 chiro-

1859 2497 2060 2565 pselliis
2091 2497 2360 2560 muniant,
2390 2495 2663 2564 pedesque
2692 2493 3064 2564 podopselliis,
3099 2494 3183 2548 vel
3223 2493 3439 2561 ferreis,

1861 2588 1942 2641 vel
1977 2589 2168 2653 ligneis
2199 2596 2293 2641 aut
2319 2603 2383 2641 ex
2412 2587 2624 2641 bovinis
2676 2587 2927 2656 pellibus.
2995 2585 3209 2640 Circum
3269 2587 3437 2640 sellas

1862 2679 2047 2731 clavos
2074 2679 2255 2731 cuncti
2285 2677 2519 2731 habeant
2536 2683 2590 2728 et
2613 2675 2991 2730 sideroraudia
3007 2685 3062 2730 et
3087 2675 3234 2729 sellae
3251 2690 3443 2729 saccu-

1865 2770 1944 2824 los
1982 2772 2035 2823 in
2072 2771 2273 2839 quibus
2324 2769 2432 2822 duo
2484 2777 2577 2822 aut
2612 2768 2719 2821 tria
2763 2775 3076 2838 paxamata,
3111 2767 3194 2822 vel
3235 2767 3444 2821 milium

1863 2862 2071 2926 tritum,
2135 2862 2280 2916 sicut
2332 2861 2596 2927 vigesimo
2657 2860 2834 2928 capite
2877 2859 3055 2914 fusius
3082 2858 3344 2914 diximus.
3388 2858 3446 2914 In

1860 2952 2135 3020 capitibus
2171 2952 2356 3020 galeas
2396 2951 2599 3020 pariter
2633 2951 2842 3005 ferreas
2867 2952 3108 3020 integras
3124 2953 3282 3022 signo
3312 2953 3449 3006 insi-

1863 3045 2042 3112 gnitas
2077 3056 2130 3097 et
2165 3047 2295 3097 tutis
2360 3043 2619 3111 desuper.
2680 3040 2884 3097 Ferant
2927 3058 3144 3112 quoque
3189 3043 3294 3096 tela
3347 3043 3448 3096 tri-

173 3133 396 3197 τούτοις
427 3135 530 3188 ἀνὰ
577 3137 672 3189 δύο
708 3137 741 3207 ἢ
774 3139 868 3191 καὶ
901 3138 1071 3202 τριῶν
1122 3138 1315 3208 ἔχοντα
1350 3139 1686 3207 παξαμάτων
1727 3138 1757 3204 ἢ

1862 3136 2006 3203 ginta
2063 3144 2155 3187 aut
2209 3134 2574 3203 quadraginta
2638 3136 2688 3187 in
2726 3133 3021 3201 marsupiis
3063 3153 3073 3185 :
3109 3134 3215 3188 tela
3269 3145 3448 3187 autem

176 3225 421 3295 κέγχρου
472 3228 871 3299 ἀληλεσμένης,
923 3230 997 3294 ῶς
1022 3232 1080 3282 ὲν
1108 3230 1188 3300 τῷ
1215 3229 1444 3300 εἰκοστῷ
1480 3229 1761 3298 κεφαλαίῳ

177 3314 610 3382 πλατυκώτερον
639 3335 707 3370 πε
720 3320 772 3387 pl.
815 3319 1010 3371 τούτου
1058 3322 1394 3390 είρήκαμεν·
1424 3320 1552 3388 περὶ
1579 3319 1635 3370 δὲ
1663 3319 1761 3380 τὰς

178 3407 433 3476 κεφαλὰς
498 3409 736 3479 κόρυθας
781 3411 1045 3473 ὡσαύτως
1097 3413 1322 3482 σιδηρᾶς
1344 3411 1559 3473 τελείας
1600 3427 1762 3462 σεσα-

181 3504 473 3572 μιωμένας
505 3505 700 3575 τουφία
730 3509 822 3560 καὶ
844 3507 1047 3570 ταύτας
1070 3508 1300 3577 ἐχούσας
1319 3508 1526 3562 ἄνωθεν
1552 3525 1566 3540 ο
1598 3509 1763 3577 φερέ-

178 3610 367 3647 τωσαν
395 3595 451 3647 δὲ
474 3598 567 3649 καὶ
598 3597 871 3668 κούκουρα
898 3601 1000 3652 ἀνὰ
1027 3599 1069 3651 λ’
1100 3601 1134 3670 ἦ
1166 3598 1216 3670 μ’
1244 3601 1458 3663 ὀϊστοὺς
1479 3599 1762 3672 χωροῦντα

178 3685 414 3739 ἕκαστον
437 3704 450 3716 ·
489 3690 538 3740 οἱ
593 3689 774 3757 μέντοι
810 3691 980 3744 ὀϊστοὶ
1011 3692 1115 3746 ἀνὰ
1162 3691 1206 3744 θ’
1252 3692 1566 3745 παλαιστῶν
1594 3693 1762 3746 ἔστω-

183 3793 287 3828 σαν
334 3778 430 3829 καὶ⁵
482 3777 558 3848 μὴ
616 3780 871 3834 ἔλαττον·
927 3781 1058 3848 τόξα
1097 3799 1157 3834 τε
1198 3781 1336 3835 πολὺ
1358 3781 1456 3850 τῆς
1475 3782 1766 3848 δυνάμεως

183 3867 579 3937 ἔλασσούμενα,
644 3872 958 3925 παλαιστῶν
998 3875 1094 3926 καὶ
1145 3873 1321 3926 ταῦτα
1376 3872 1568 3938 δεκαὲξ
1609 3872 1641 3942 ἢ
1707 3871 1767 3923 τὸ

181 3959 416 4012 ἔλασσον
447 3968 507 4014 ιε’
541 3962 681 4031 μετὰ
729 3964 838 4016 τῶν
875 3964 1062 4035 θηκῶν
1120 3966 1330 4018 αὐτῶνο
1365 3965 1536 4033 ἐχέτω
1567 3964 1623 4016 δὲ
1646 3964 1768 4016 ἕκα-

187 4068 319 4114 στος
374 4055 454 4115 είς
492 4055 559 4106 τὰ.
609 4055 720 4108 τῶν
750 4058 1069 4126 κουκούρων
1103 4056 1346 4127 ζωνάρισ.
1374 4057 1467 4109 καὶ
1500 4056 1644 4125 ρίνον
1674 4055 1769 4108 καὶ

189 4143 440 4196 σουϐλίον
472 4147 565 4197 καὶ
595 4149 864 4218 μαχαίρια
890 4148 984 4200 καὶ
1005 4149 1202 4201 κόλλαν
1232 4150 1324 4202 καὶ
1345 4149 1508 4219 ἕτερα
1543 4149 1771 4202 τοιαῦτα

185 4234 301 4286 τῶν
331 4236 626 4303 χρειωδῶν.
669 4239 731 4292 Οἱ
787 4238 972 4308 μέντοι
1004 4240 1185 4292 αὐτῶν
1225 4240 1383 4292 ἵπποι
1418 4256 1771 4310 προμετωπι-

185 4326 326 4388 δίοις
355 4327 448 4379 καὶ
486 4329 862 4398 περιστηθίοις
895 4331 990 4383 καὶ¹
1029 4332 1389 4394 κατανωτίοις
1439 4330 1769 4384 σκεπάσθω-

191 4434 296 4470 σαν
329 4418 373 4449 ⁷¹
403 4417 436 4488 ἢ
478 4418 759 4488 λωρικίοις
789 4421 821 4490 ἢ
860 4421 1162 4484 κλιϐάνοις,
1192 4422 1286 4475 καὶ
1315 4423 1528 4484 τούτοις
1554 4421 1586 4491 ἢ
1622 4421 1770 4490 σιδη-

195 4509 368 4579 ροῖςῆ
402 4511 498 4562 καὶ
520 4510 608 4563 διὰ
646 4511 894 4580 κεράτων
941 4513 1480 4582 συμπεπλεγμένοις.
1538 4511 1775 4575 Ὀπλιξέ-

193 4599 414 4653 σθωσαν
447 4600 501 4652 δὲ
538 4603 631 4654 καὶ
647 4605 693 4654 οἱ
721 4603 1010 4673 δορυφόροι
1033 4606 1147 4665 τοῖς
1163 4605 1368 4673 ὁμοίοις
1389 4603 1572 4674 σχεδὸν
1591 4603 1774 4665 ὅπλοις

192 4690 306 4743 τῶν
336 4693 766 4761 καταφράκτων,
799 4694 1186 4764 ἐλαφροτέροις
1231 4695 1412 4764 μέντοι
1443 4694 1650 4747 τούτων
1682 4693 1777 4746 καὶ

1869 3242 2059 3279 novem
2097 3227 2402 3294 palmorum
2437 3226 2570 3284 sint.
2635 3240 2736 3278 nec
2764 3225 2985 3288 minus;
3021 3240 3183 3280 arcus
3215 3241 3343 3279 vero
3361 3240 3452 3279 ro-

1863 3318 1993 3370 bore
2045 3316 2216 3368 multo
2255 3315 2516 3379 minores,
2568 3315 2840 3368 sexdecim
2865 3316 3262 3368 autminimum
3289 3316 3452 3384 quin-

1863 3409 2035 3461 decim
2063 3408 2390 3476 palmorum,
2423 3421 2547 3459 cum
2582 3407 2760 3460 thecis
2783 3408 2921 3471 suis;
2948 3407 3254 3474 habeatque
3273 3422 3445 3461 unus-

1864 3497 2097 3567 quisque
2129 3499 2182 3550 in
2211 3497 2614 3565 marsupiorum
2640 3497 2882 3565 cingula,
2901 3496 3093 3563 pellem
3119 3506 3170 3548 et
3194 3494 3450 3549 subulam

1865 3599 1915 3644 et
1947 3590 2502 3657 novaculasetgluten
2529 3599 2786 3643 etcaetera
2809 3589 3145 3642 necessaria.
3167 3586 3300 3655 Equi
3325 3601 3454 3639 vero

1866 3697 2054 3735 eorum
2090 3681 2434 3738 frontalibus.
2485 3680 2962 3748 pectoralihusque
3007 3686 3061 3732 et
3100 3679 3453 3732 dorsualibus

1868 3773 2206 3833 muniantur,
2244 3771 2575 3825 aut.loriciis
2610 3771 2957 3824 antclibanis
2989 3771 3103 3824 sive
3129 3769 3324 3824 ferreis
3342 3769 3457 3822 sive

1868 3864 2102 3918 corneis.
2164 3863 2429 3916 Armamli
2511 3861 2808 3930 doryphori
2862 3861 3070 3915 eisdem
3135 3861 3245 3914 lere
3291 3874 3455 3928 quam

1868 3958 2253 4025 cataphracta,
2275 3955 2369 4010 sed
2396 3957 2697 4010 levioribus
2725 3956 2915 4019 armis,
2935 3962 2989 4008 et
3017 3955 3201 4007 minus
3223 3953 3413 4008 solidis
3437 3971 3452 4017 ;

1869 4053 2109 4106 inermes
2137 4063 2356 4118 quoque
2370 4063 2560 4102 eorum
2581 4049 2729 4116 equi,
2759 4056 2980 4116 propter
3010 4047 3309 4115 impetuset
3329 4046 3461 4101 sub-

1871 4143 2180 4197 duCtiones.
2247 4139 2372 4193 llaac
2396 4140 2463 4193 de
2507 4140 2613 4193 his.
2676 4141 2837 4193 Inter
2868 4153 2962 4192 eos
2989 4147 3171 4191 autem
3204 4138 3459 4206 quileves

1873 4243 2140 4290 vocantur
2188 4231 2819 4302 equites,jacnlatorum
2881 4231 3115 4300 quisque
3163 4228 3303 4283 ferat
3351 4228 3460 4282 duo

1872 4329 1954 4384 vel
1977 4330 2082 4380 tria
2112 4326 2293 4396 jacula
2319 4325 2669 4380 dodrantium
2713 4324 3002 4380 duodecim
3039 4332 3098 4378 ut
3131 4324 3370 4378 maxime
3407 4330 3462 4377 et

1874 4420 2095 4488 insuper
2113 4421 2353 4472 lanceam
2376 4418 2686 4472 cubitorum
2708 4427 2832 4472 octo
2849 4427 2902 4470 et
2919 4419 3211 4486 oblongum
3244 4426 3463 4472 scutum

1874 4513 2222 4568 dodrantium
2253 4512 2366 4566 fere
2400 4521 2636 4581 quatuor
2669 4519 2762 4562 ant
2812 4509 3120 4562 orbiculare
3172 4508 3336 4560 trium
3361 4507 3462 4560 do-

1875 4605 2176 4668 drantium,
2210 4604 2392 4674 galeas
2438 4610 2701 4672 praeterea
2749 4603 2800 4654 in
2841 4601 3075 4654 circuitu
3121 4599 3326 4653 nudas.
3361 4598 3462 4652 Sa-

1878 4698 2082 4768 gittarii
2121 4711 2249 4750 vero
2294 4693 2567 4761 marsupia
2615 4701 2668 4746 et
2711 4707 2875 4746 arcus
2917 4692 3114 4745 robore
3168 4691 3451 4754 minores;

193 4775 360 4850 ἦττον
384 4783 833 4854 στεγανωτέροις,
869 4786 964 4838 καὶ
1000 4786 1050 4838 οἱ
1102 4786 1262 4838 ἵπποι
1299 4785 1356 4838 δὲ
1399 4785 1537 4855 πρὸς
1567 4783 1758 4846 τούτοις

1883 4794 1940 4839 ut
1969 4799 2133 4852 supra
2186 4782 2451 4844 diximus,
2491 4780 2558 4834 ad
2591 4781 2861 4834 tractandi
2895 4780 3214 4833 facilitatem
3255 4789 3311 4832 et
3355 4781 3464 4833 im-

195 4873 380 4926 αύτῶν
411 4875 600 4929 ἄοπλοι
645 4875 889 4930 ἔστωσαν
933 4877 1022 4930 διά
1064 4895 1123 4929 τε
1151 4877 1198 4908 ⁷³
1235 4879 1335 4940 τὰς
1366 4876 1654 4938 ἐπελάσεις
1682 4875 1758 4927 κα“

1882 4876 2074 4945 primis
2112 4872 2389 4943 jaculandi
2418 4892 2432 4938 ;
2478 4872 2761 4928 femoralia
2791 4886 3010 4940 quoque
3041 4878 3098 4925 et
3136 4871 3318 4940 galeas
3352 4887 3460 4924 non

199 4962 358 5030 αὖθις
409 4967 805 5038 ὑποχωρήσεις.
858 4971 968 5022 Καὶ
999 4970 1172 5023 ταῦτα
1212 4968 1311 5037 μὲν
1365 4969 1493 5036 περὶ
1540 4967 1742 5020 τούτων

1881 4968 2143 5037 integras,
2203 4966 2350 5020 sella:
2375 4965 2653 5034 marsupia
2684 4964 2843 5018 simul
2894 4978 2923 5016 a
2963 4963 3201 5018 zonariis
3254 4978 3468 5017 marsu-

197 5058 311 5112 τῶν
337 5060 392 5112 δὲ
417 5058 588 5128 ψιλῶν
613 5061 967 5129 καλουμένων
1006 5062 1218 5113 ἱππέων
1248 5063 1294 5114 οἱ
1325 5059 1426 5130 μὲν
1457 5061 1758 5112 ἀκοντισταί

1878 5061 2097 5140 piorum
2131 5057 2312 5124 aliqua
2345 5056 2783 5111 necessariorum
2809 5070 3100 5125 suspensa,
3133 5063 3191 5108 ut
3207 5055 3275 5108 de
3312 5063 3463 5109 cata-

201 5150 306 5203 ἀνὰ
339 5149 433 5204 δύο
460 5151 492 5221 ἢ
529 5154 622 5205 καὶ
668 5153 837 5224 τριῶν
877 5153 1093 5224 φερέτω
1123 5153 1357 5216 ἕκαστος
1390 5153 1615 5205 ἀκόντια
1645 5168 1758 5204 σπι·

1887 5149 2137 5220 pliractis
2171 5148 2510 5203 disserentes
2537 5147 2809 5201 diximus.

204 5242 394 5311 θαμῶν
431 5243 669 5312 μάλιστα
708 5244 794 5314 ιβ’.
825 5245 921 5299 καὶ
954 5245 1088 5316 πρὸς
1107 5243 1316 5306 τούτοις
1346 5244 1474 5314 δόρυ
1495 5244 1779 5312 ὀκτάπηχυ
1821 5242 1912 5294 καὶ
1933 5239 2133 5292 ἀσπίδα
2165 5240 2408 5309 ἐπιμήκη
2447 5235 2736 5306 σπιθαμῶν
2789 5237 3068 5308 τεττάρων
3137 5234 3365 5303 ἔγγιστα
3427 5235 3461 5303 ἦ

203 5341 298 5393 καὶ
328 5344 601 5412 περιφερῆ
631 5342 999 5412 τρισπίθαμον
1039 5343 1133 5395 καὶ
1173 5342 1413 5411 κόρυθας
1438 5343 1530 5394 ἐπὶ
1569 5341 1783 5404 τούτοις
1820 5339 2083 5400 ἀσκεπεῖς
2147 5337 2218 5389 τὰ
2285 5336 2505 5403 κύκλῳ·
2541 5335 2589 5387 οἱ
2623 5333 2679 5387 δὲ
2707 5332 2925 5399 τοξόται
2961 5332 3236 5402 κούκουρά
3262 5347 3320 5383 τε
3344 5329 3466 5398 ἐχέ-

204 5454 388 5491 τωσαν
412 5438 506 5492 καὶ
529 5437 662 5502 τόξα
686 5438 785 5508 τῆς
822 5437 1540 5520 δυνάμεωςίὲλασσούμενα,
1565 5437 1641 5500 ὡς
1674 5438 1786 5492 ἄνω
1826 5453 1928 5488 που
1954 5434 2186 5505 ἔφημεν,
2213 5432 2300 5486 διὰ
2357 5431 2421 5484 τὸ
2471 5429 2754 5498 εὐάγωγόν
2783 5445 2843 5481 τε
2881 5429 2978 5480 καὶ
3043 5425 3301 5495 εὔστοχον
3361 5424 3469 5493 μά-

1499 5587 1736 5646 ἾΑΙίΙᾹΞ
1771 5586 2062 5643 LECTION
2072 5585 2173 5641 ES.

1094 5713 1140 5744 "
1172 5711 1542 5780 ἀληθεσμένον
1582 5709 1642 5761 Β.
1755 5708 1800 5780 ’ἶ
1823 5703 2172 5780 ἀλυσειδωξοὶ
2201 5701 2296 5780 Β..-
2377 5694 2748 5780 ⁸⁸¹κουκουλίου
2775 5696 2832 5748 Β.
2947 5696 2990 5728 ⁶⁹
3018 5693 3378 5780 έιπεωρεῖσθω
3403 5693 3459 5749 Β.

662 5765 700 5815 ζ’
735 5765 910 5838 gmw
946 5783 1035 5838 hic
1074 5765 1299 5856 quidem
1361 5765 1420 5837 li.
1557 5782 1602 5812 τ’
1635 5777 2022 5833 σκεπέσθωσαν
2082 5772 2140 5827 Β.
2254 5773 2296 5804 ⁷³
2334 5771 2466 5843 πρός
2527 5783 2608 5831 τε,
2663 5781 2939 5837 superscr.
3013 5765 3100 5820 διά
3157 5782 3217 5819 τε
3281 5766 3468 5821 eadem

279 5712 324 5743 “
358 5726 555 5766 ocorr.
621 5729 685 5768 cx
737 5731 782 5767 ω
827 5712 878 5766 in
931 5713 993 5765 Β.

207 5781 253 5813 ⁷⁸
287 5781 456 5833 ὅντων
489 5782 549 5838 Β.

211 5867 372 5908 manu
421 5850 481 5906 Β.
