4200 6438
769 395 791 459 1
811 396 907 460 107

1997 407 2193 469 LEON
2201 412 2273 470 IS
2320 412 2784 476 PHILOSOPHI

3895 430 4039 497 ιιωι

764 516 944 577 λιστα,
974 515 1304 585 παραμήριά
1331 532 1389 568 τι
1445 518 1542 573 καὶ
1588 517 1825 588 κόρυθας
1850 519 1927 590 μὴ
1948 522 2191 586 τελείας,
2222 523 2624 597 σελλοπούγγιά
2654 544 2715 582 τε
2742 529 3027 598 ὡσαύτως,
3087 534 3183 588 και
3204 538 3333 608 περὶ
3403 538 3471 592 τά
3540 536 3652 593 τῶν
3709 544 4033 615 κουκούριων

763 604 1005 678 ζωνάρια
1036 606 1147 659 τῶν
1174 608 1450 677 χρειωδῶν
1480 611 1858 682 ἀπῃωρημόνα
1887 614 2035 676 τινὰ,
2064 613 2140 676 ὤς
2168 616 2227 669 ιν
2259 613 2337 685 τῷ
2374 620 2502 687 περὶ
2529 620 2639 672 τῶν
2660 624 3067 694 καταφράκτων
3090 604 3304 697 ἔφημεν
3324 630 3488 701 λόγῳ.

811 699 965 755 CAP.
990 700 1126 756 XLI.
1145 731 1214 741 -
1238 701 1520 759 Exercitus
1550 714 1788 759 motuum
1813 707 2291 767 denominationes.

2439 712 2689 770 ΚΕΦΑΔ.
2750 712 2885 773 MA'.
2940 751 3010 761 ——
3068 699 3781 801 'OrOpgo’larmrrio'ewr
3844 748 4036 801 στρα-

830 854 1018 910 Flexio
1042 856 1109 912 ad
1134 857 1402 923 lanceam,
1438 858 1599 913 ﬂexio
1632 860 1701 915 ad
1729 876 1968 927 scutum,
2023 862 2076 917 in
2100 862 2334 920 frontem

760 948 1082 1016 procedere.
1124 952 1191 1003 ad
1221 966 1391 1006 cornu
1413 952 1731 1022 procedere,
1756 970 2014 1026 epagoge,
2042 973 2333 1030 paragoge,

759 1041 1052 1105 metabole,
1106 1044 1445 1113 epistrOphe,
1491 1047 1844 1117 anastrophe,
1896 1049 2336 1122 antiperispasis,

757 1131 1115 1204 cxallagmus,
1148 1134 1678 1209 hyperphalangisis,
1715 1141 2127 1210 hypercerosis,
2161 1144 2214 1197 in
2243 1159 2335 1198 or-

754 1223 885 1279 dine
918 1225 1497 1299 procedcre,jungere,
1525 1226 1940 1299 diplasiasmus,
1964 1235 2205 1300 entaxis,
2238 1236 2335 1307 hy-

757 1315 996 1383 potaxis,
1031 1311 1300 1386 protaxis,
1329 1320 1608 1389 parabole,
1665 1324 1889 1393 systole.
1918 1322 2106 1379 Flexio
2127 1326 2193 1380 ad
2218 1327 2337 1382 lau-

755 1423 908 1460 ceam
955 1400 1181 1475 dicitur,
1232 1412 1673 1481 uniuscujusque
1720 1416 1788 1470 ad
1820 1415 2067 1471 dextram
2099 1429 2281 1475 motus
2319 1464 2335 1488 ,

754 1496 916 1553 ﬂexio
954 1499 1020 1555 ad
1057 1511 1296 1567 scutum,
1344 1502 1411 1555 ad
1471 1502 1751 1559 sinistram
1788 1521 1805 1575 ;
1857 1506 1911 1561 in
1946 1506 2180 1564 frontem
2212 1527 2337 1582 pro-

757 1588 974 1656 cedere,
1006 1606 1131 1646 cum
1195 1589 1473 1663 parataxis
1502 1594 1749 1665 procedit
1773 1594 1981 1656 habens
2008 1601 2336 1658 convenien-

758 1691 866 1737 tem
898 1683 1328 1757 longitudinem:
1356 1688 1424 1744 ad
1449 1704 1621 1745 cornu
1653 1703 1859 1758 autem,
1897 1710 2067 1763 quum
2110 1705 2336 1767 propter

757 1776 1005 1833 locorum
1070 1781 1358 1849 angustias
1417 1783 1677 1851 praecedit
1746 1784 2024 1851 dextrum,
2086 1789 2336 1857 sequitur

753 1870 1018 1933 medium,
1071 1887 1214 1941 pone
1267 1873 1470 1929 incedit
1511 1876 1700 1929 laevum
1737 1896 1750 1930 :
1797 1893 1968 1933 cornu
1999 1881 2201 1935 etenim
2239 1898 2337 1937 vo-

751 1969 928 2026 catur,
996 1970 1056 2015 ut
1123 1962 1327 2019 dictum
1385 1972 1472 2021 est
1514 1967 1787 2023 universa:
1830 1979 2160 2039 parataxeos
2206 1989 2334 2044 pars

3170 811 3297 848 του.

2514 876 2707 942 Κλίσις
2737 881 2828 935 ἐπὶ
2857 882 3009 953 δόρυ,
3037 884 3215 949 κλίσις
3253 888 3339 939 ἐπ’
3368 887 3595 952 ἀσπίδα,
3640 892 3734 945 ἐπὶ
3769 896 4034 962 μέτωπον

2444 969 2795 1039 πορεύεσθαι,
2828 972 2919 1026 ἐπὶ
2956 976 3127 1045 κέρας
3168 978 3518 1047 πορεύεσθαι,
3547 982 3837 1054 ἐπαγωγὴ,
3881 1002 4031 1054 παρ-

2443 1061 2657 1131 αγωγὴ,
2710 1064 2981 1135 μεταϐολὴ
3009 1067 3077 1131 ⁷⁵,
3132 1069 3459 1140 ἐπιστροφὴ,
3509 1071 3851 1145 ἀναστροφὴ,
3882 1080 4034 1130 ἀντι-

2443 1154 2797 1222 περίσπασις,
2841 1155 3198 1227 ἑξαλλαγμδς,
3247 1161 3744 1233 ὐπερφαλάγγισις,
3793 1168 4032 1237 ὑπερκέ-

2447 1260 2634 1313 ρωσις,
2677 1247 2910 1317 στοιχεῖν
2939 1249 3006 1311 ⁷⁵,
3054 1249 3279 1318 ζυγοῦν,
3327 1253 3746 1327 διπλασιασμὸς,
3789 1258 4029 1325 ἔνταξις,

2444 1335 2724 1402 ὑπόταξις,
2774 1337 3071 1408 πρόταξις,
3136 1344 3474 1416 παρεκϐολὴ,
3526 1347 3779 1419 συστολὴ.
3836 1348 4028 1413 κλίσις

2445 1427 2543 1497 μὲν
2576 1425 2670 1482 οὖν
2700 1430 2794 1483 ἐπὶ
2833 1430 2961 1501 δόρυ
2982 1434 3015 1501 ἡ
3045 1434 3090 1465 ⁷⁸
3122 1434 3214 1487 ἐπὶ
3263 1434 3414 1500 δεξιά
3450 1438 3685 1493 ἑκάστου
3730 1440 3929 1511 ἀνδρὸς
3953 1444 4029 1493 κί-

2442 1537 2596 1591 νησις
2632 1522 2870 1590 λέγεται,
2898 1524 3073 1588 κλίσις
3098 1526 3142 1578 δ’
3164 1528 3251 1581 ἐπ’
3274 1528 3477 1583 ἀσπίδα
3499 1531 3533 1600 ἡ
3552 1530 3641 1583 ἐπ’
3668 1532 3942 1602 ἀριστερά
3960 1533 4026 1561 ⁷⁷⁸

2441 1614 2532 1666 ἐπὶ
2577 1614 2831 1684 μέτωπον
2875 1617 3227 1687 πορεύεσθαι,
3264 1621 3347 1673 ὅτι
3389 1621 3451 1674 τὸ
3502 1622 3786 1692 προσῆκον
3828 1624 4029 1694 ἔχουσα

2444 1704 2619 1775 μῆκος
2650 1707 2684 1776 ἡ
2712 1706 3020 1779 παράταξις
3061 1712 3331 1781 πρόεισιν,
3383 1714 3476 1767 ἐπὶ
3509 1715 3679 1782 κέρας
3714 1716 3798 1782 δὲ,
3828 1718 3919 1771 ὅτε
3945 1720 4031 1773 διά

2442 1798 2776 1851 στενοτάτων
2812 1800 2994 1853 τόπων
3040 1803 3456 1875 προηγούμενον
3504 1809 3603 1877 μὲν
3631 1807 3744 1877 ἔχει
3780 1810 3829 1841 ’⁸
3857 1809 3921 1862 τὸ
3943 1811 4031 1864 δε-

2442 1886 2552 1953 ξιὸν
2587 1892 2622 1960 ἠ
2648 1892 2975 1962 παράταξις.
3016 1896 3284 1965 ἑπόμενον
3308 1897 3365 1952 δὲ
3391 1898 3452 1951 τὸ
3489 1900 3675 1969 μέσον,
3706 1899 3947 1956 ὕστατον
3976 1903 4032 1956 δὲ

2437 1980 2500 2033 τὸ
2529 1982 2817 2055 ἀριστερὸν
2859 1985 3051 2058 (κέρας
3074 1989 3203 2059 γάρ,
3243 1988 3322 2053 ὡς
3360 1990 3595 2062 ἔφημεν,
3628 1991 3691 2045 τὸ
3721 1993 4032 2061 ἀκρότατον

750 2061 1028 2121 extrema;
1082 2070 1345 2127 epagoge,
1416 2073 1540 2114 cum
1629 2060 1890 2133 lochagos
1984 2066 2334 2134 promachos-

2440 2076 2623 2145 πάσης
2655 2077 3015 2149 παρατάξεως
3059 2079 3322 2150 λέγεται).
3375 2060 3696 2153 Ἐπαγωγὴ,
3748 2085 3841 2139 ὅτε
3893 2086 4035 2140 κατά

752 2160 863 2213 que
895 2154 950 2199 et
973 2145 1265 2203 caudarios
1298 2151 1354 2203 in
1398 2164 1499 2205 suo
1533 2150 1726 2207 ordine
1748 2151 1908 2208 habet
1926 2154 2189 2224 phalanx.
2220 2150 2335 2213 Ile-

752 2238 959 2319 tabole.
1010 2254 1135 2293 cum
1162 2247 1462 2297 retrorsum
1491 2243 1649 2299 miles
1677 2259 1736 2301 se
1756 2248 1917 2302 vertit
1942 2264 1957 2313 ;
1988 2250 2333 2322 epistrophe,

750 2342 876 2381 cum
896 2313 1064 2383 omne
1098 2345 1295 2401 agmen
1355 2340 1619 2404 tanquam
1643 2351 1789 2392 unus
1829 2337 1995 2394 homo
2049 2356 2110 2396 se
2126 2343 2286 2397 vertit
2319 2360 2334 2409 ;

752 2422 1108 2493 auastrophe,
1132 2438 1258 2478 cum
1294 2425 1362 2480 ad
1393 2428 1794 2497 praecedentem
1822 2432 2051 2503 figuram
2100 2437 2336 2492 reverti-

750 2525 885 2580 tur;
942 2517 1386 2588 antiperispasis,
1428 2538 1554 2578 cum
1613 2523 1897 2598 inepinato
1935 2528 1998 2584 fit
2056 2538 2239 2587 motus
2268 2532 2336 2588 ad

749 2607 1106 2679 decipiendos
1157 2612 1345 2671 hostes
1405 2615 1459 2669 in
1522 2617 1706 2688 aliqua
1771 2631 1924 2690 parte
1965 2633 2335 2691 superantes;

750 2702 1114 2773 exallagmus,
1145 2720 1271 2759 cum
1305 2708 1592 2776 promachi
1629 2712 1860 2765 caudam
1886 2713 2111 2782 capiunt
2138 2722 2189 2768 et
2219 2716 2337 2771 vice

751 2806 910 2847 versa
951 2792 1193 2849 caudarii
1222 2796 1361 2851 fiunt
1422 2801 1743 2868 promachi;
1776 2800 2287 2874 hyperphalangisis
2316 2846 2334 2871 ,

750 2898 879 2941 cum
910 2885 1198 2959 phalangis
1225 2886 1381 2944 frons
1411 2905 1476 2943 ex
1511 2901 1744 2962 utraque
1775 2902 1932 2962 parte
1970 2896 2111 2949 ultra
2145 2896 2336 2952 hostes

751 2981 1100 3047 extenditur;
1125 2984 1510 3053 hypercerosis
1536 2994 1741 3052 autem,
1765 3001 1889 3040 cum
1923 3004 1987 3041 ex
2028 2988 2196 3043 altera
2223 2998 2337 3044 tan-

752 3081 866 3124 tum
887 3079 1072 3142 parte;
1100 3073 1152 3126 in
1175 3073 1368 3130 ordine
1393 3077 1709 3144 procedere,
1734 3093 1858 3133 cum
1879 3079 2089 3135 directo
2105 3081 2335 3137 invicem

754 3171 885 3217 sunt
915 3166 1117 3220 milites
1155 3169 1458 3222 secundum
1485 3171 1719 3240 agminis
1753 3171 2204 3241 profunditatem,
2237 3191 2333 3231 seu

753 3256 1102 3323 densitatem,
1139 3257 1191 3312 id
1226 3269 1330 3324 est,
1364 3261 1575 3331 lochagi
1603 3278 1727 3315 cum
1750 3264 1947 3318 mediis
1960 3274 2014 3319 et
2034 3265 2332 3332 caudariis;

750 3349 985 3421 jungere
1039 3366 1163 3405 cum
1199 3352 1411 3408 directo
1480 3361 1611 3408 sunt
1643 3355 1738 3424 qui
1788 3358 2088 3412 secundum
2124 3360 2336 3417 ordinis

2442 2166 2542 2237 τὴν
2582 2167 2790 2223 οἰκείαν
2844 2170 3055 2241 τάξινή
3091 2173 3305 2241 φάλαγξ
3350 2173 3477 2238 τούς
3513 2192 3573 2228 τε
3626 2176 3905 2247 λοχαγοὺς
3932 2177 4033 2230 εἴτ’

2441 2255 2537 2312 οὖν
2572 2261 2889 2332 προμάχους
2919 2264 3013 2315 καὶ
3040 2263 3165 2328 τοὺς
3188 2265 3457 2335 οὐραγοὺς
3485 2264 3599 2335 ἔχει
3623 2304 3641 2322 .
3719 2306 3735 2323 .
3821 2305 3839 2322 .
3922 2303 3940 2321 .
4016 2309 4030 2321 .

3966 2362 4010 2393 Υ.

2442 2442 2727 2515 Μεταϐολὴ
2756 2443 2819 2498 τὸ
2854 2446 3309 2518 μεταστραφῆναι
3337 2448 3430 2502 τὸν
3465 2449 3814 2519 στρατιώτην
3854 2450 3952 2503 ἐπὶ
3975 2452 4033 2504 τὸ

2442 2533 2667 2587 ὁπισθεν
2686 2552 2699 2564 '
2728 2538 3033 2607 ἐπιστροφὴ
3059 2538 3120 2591 τὸ
3141 2539 3544 2611 ἐπιστραφῆναι
3577 2541 3725 2595 ἆπαν
3756 2542 3822 2595 τὸ
3847 2544 4033 2613 τάγμα

2443 2628 2518 2688 ὡς
2550 2628 2646 2681 ἕνα
2678 2629 2967 2699 ἄνθρωπον
2990 2647 3004 2661 ⁸
3038 2634 3355 2705 ἀναστροφὴ
3388 2634 3446 2687 δὲ
3482 2635 3542 2688 τὸ
3575 2637 4032 2706 ἀποκαταστῆναι

2442 2719 2601 2773 τοῦτο
2642 2720 2799 2785 αὖθις
2832 2723 2913 2785 είς
2938 2723 3000 2775 τὸ
3039 2725 3309 2795 πρότερον
3348 2727 3555 2796 σχῆμα.
3601 2727 4031 2797 Ἀντιπιρίσπα-

2446 2826 2550 2875 σις,
2579 2811 2669 2864 ὅτε
2698 2812 2850 2883 παρὰ
2879 2814 3208 2885 προσδοκίαν
3244 2814 3453 2883 γίνεται
3482 2815 3530 2846 ⁸⁸
3557 2816 3779 2887 κίνησις
3816 2819 3926 2874 ,ἐπὶ
3958 2817 4033 2889 τῷ

2443 2901 2824 2972 ἀπατηθέντας
2852 2903 3103 2959 ἐντεῦθεν
3126 2905 3255 2969 τοὺς
3279 2907 3574 2978 πολεμίους
3597 2907 3871 2970 ἐνδοῦναι,
3906 2908 4031 2961 καθ’

2443 2992 2471 3046 ὁ
2502 2993 2893 3062 ἀγωνιζόμενοι
2923 2996 3087 3067 μέρος
3115 2997 3391 3066 ἰσχύουσιν
3418 3017 3431 3030 ·
3471 2998 3841 3069 ἑξαλλαγμδς,
3866 3001 3959 3053 ὅτε
3983 3001 4030 3052 oi

2445 3084 2547 3153 μὲν
2570 3085 2845 3154 πρόμαχοι
2870 3087 3218 3156 οὐραγοῦσιν,
3240 3092 3291 3143 οἱ
3318 3091 3376 3144 δὲ
3406 3089 3775 3159 οὐραγοῦντες
3806 3092 4029 3161 πρόμα-

2442 3190 2528 3246 χοι
2572 3175 2835 3243 γίνονται.
2886 3176 3416 3249 ’Υπερφαλάγγισις,
3458 3181 3548 3234 ὅτε
3598 3182 3698 3250 τῆς
3743 3181 4030 3250 φάλαγγος

2445 3269 2698 3337 μέτωπον
2750 3268 2810 3333 ἐξ
2862 3270 3123 3342 ἑκατέρου
3176 3273 3374 3342 μέρους
3425 3273 3876 3343 ὐπερεκτείνεται
3921 3272 4029 3327 τῶν

2443 3360 2719 3430 πολεμίων
2741 3377 2756 3392 ⁸
2790 3360 3172 3433 ὕπερκέρωσις
3210 3364 3289 3429 δὲ,
3321 3364 3410 3417 ὅτε
3444 3364 3607 3434 μόνον
3630 3367 3689 3431 ἐξ
3716 3367 3837 3429 ἑνὸς
3866 3367 4030 3436 ὑπερ-

756 3442 1150 3510 longitudinem
1188 3454 1335 3500 stant
1376 3448 1601 3519 :jugum
1626 3449 1773 3503 enim
1789 3461 2019 3506 vocatur
2055 3454 2332 3524 agminum

2442 3451 2679 3505 τείνεται
2712 3453 2933 3522 μέρους.
2963 3454 3202 3524 Στοιχεῖν
3228 3454 3284 3508 δὲ
3312 3455 3375 3507 τὸ
3413 3454 3499 3509 ἐπ’
3524 3456 3740 3518 εὐθείας
3772 3457 4030 3528 ἀλλήλοις

754 3533 1060 3607 secundum
1096 3537 1494 3603 longitudinem
1537 3539 1708 3604 ordo;
1761 3541 2167 3611 diplasiasmus,
2203 3559 2329 3598 cum

754 3626 864 3681 duo
905 3628 1048 3683 lochi
1106 3644 1251 3684 unus
1270 3630 1447 3687 ﬁunt:
1504 3632 1648 3703 quod
1687 3635 1767 3687 vel
1820 3634 2124 3690 sevundum
2157 3637 2332 3706 longi-

756 3717 1000 3773 tudinem
1062 3719 1145 3775 vel
1176 3721 1472 3775 secundum
1506 3722 1940 3792 profunditatem
1976 3725 2038 3780 ﬁt
2070 3737 2085 3790 ;
2114 3725 2332 3781 entaxis

754 3822 882 3861 cum
917 3807 1110 3864 velites
1145 3808 1291 3865 inter
1328 3809 1568 3881 hoplitas
1617 3812 1895 3868 sistuntur
1932 3816 2183 3883 permixti
2245 3815 2332 3868 vir

755 3899 824 3954 ad
850 3900 1064 3967 virum;
1092 3902 1383 3973 hypotaxis
1402 3918 1556 3965 vero,
1576 3920 1698 3959 cum
1723 3906 1955 3960 seorsim
1983 3906 2174 3961 velites
2190 3922 2330 3976 pone

754 3991 992 4061 hoplitas
1051 4005 1368 4063 ponuntur;
1418 3997 1668 4065 protaxis
1697 4004 1903 4060 autem,
1962 4010 2085 4051 cum
2146 4006 2327 4063 ante;

752 4083 1034 4152 parabole,
1060 4098 1186 4139 cum
1239 4086 1293 4140 in
1332 4086 1495 4142 latius
1527 4085 1845 4141 extenditur
1903 4086 2056 4142 frons
2099 4087 2330 4157 phalan—

754 4173 880 4243 gis;
913 4174 1123 4246 systole
1151 4184 1335 4230 autem
1365 4192 1491 4231 cum
1512 4176 1566 4230 in
1600 4176 1753 4246 prius
1777 4177 2143 4232 contrahitur.

2437 3539 2730 3609 εἶναιτοὺς
2770 3544 2915 3599 κατὰ
2952 3545 3116 3616 βάθος
3155 3545 3255 3600 εἶτ’
3283 3542 3375 3601 οὖν
3407 3548 3449 3578 ⁸¹
3484 3548 3656 3618 πάχος
3696 3549 4029 3617 ἱσταμένους

2435 3632 2531 3687 τοῦ
2571 3634 2870 3705 τάγματος,
2904 3637 3036 3700 τοὺς
3064 3623 3331 3708 λοχαγοῦς
3364 3638 3564 3709 δηλαδὴ
3609 3640 3749 3708 μετά
3780 3640 3893 3692 τῶν
3934 3640 4028 3707 μέ-

2438 3741 2546 3777 σων
2576 3725 2804 3778 καὶτῶν
2840 3726 3091 3797 οὐραγῶν
3111 3744 3125 3757 ο
3159 3726 3358 3796 ζυγοῦν
3408 3727 3470 3780 τὸ
3506 3728 3593 3780 ἐπ’
3630 3726 3854 3790 εὐθείας
3886 3722 4026 3781 εἴναι

2436 3814 2564 3876 τοὺς
2597 3814 2740 3869 κατά
2767 3813 2827 3868 τὸ
2854 3814 2945 3869 τοῦ
2978 3815 3189 3887 ὁρδίνου
3232 3817 3408 3887 μῆκος
3433 3816 3673 3881 ἑστῶτας
3703 3815 3892 3885 (ζυγὸς
3920 3818 4025 3889 γάρ

2434 3908 2464 3961 ὁ
2490 3907 2600 3961 τῶν
2627 3909 2924 3978 ταγμάτων
2970 3909 3114 3963 κατὰ
3143 3913 3317 3983 μῆκος
3367 3910 3577 3982 ὁρδινος
3614 3910 3890 3978 λέγεται).
3935 3912 4023 3962 Δι-

2437 3998 2780 4071 πλασιασμδς
2807 4000 2888 4067 δὲ,
2922 4001 3011 4055 ὅτε
3033 4002 3085 4055 οἱ
3109 4001 3205 4056 δύο
3246 4003 3393 4073 λόχοι
3441 4002 3682 4071 γίνονται
3714 3996 3799 4066 εἷς
3820 4018 3836 4033 ο
3866 4002 4026 4055 τοῦτο

2434 4089 2491 4142 δὲ
2519 4090 2553 4160 ἢ
2585 4091 2727 4145 κατά
2748 4095 2922 4163 μῆκος
2951 4092 2985 4164 ἢ
3019 4093 3166 4147 κατάν
3209 4093 3374 4163 βάθος
3416 4094 3534 4148 ἐστὶ
3584 4093 3907 4164 γινόμενον·
3941 4094 4024 4147 εν-

2427 4180 2581 4247 ταξις
2616 4182 2697 4247 δὲ,
2732 4182 2822 4237 ὅτε
2854 4184 2899 4217 ⁸¹
2941 4185 2992 4239 οι
3026 4184 3174 4255 ψιλοὶ
3204 4188 3346 4257 μετά
3372 4187 3483 4241 τῶν
3524 4184 3765 4239 ὁπλιτῶν
3816 4187 4024 4256 ἀναμὶξ

751 4267 1040 4323 τάττονται
1070 4270 1208 4340 ἀνὴρ
1257 4267 1385 4341 παρ’
1416 4270 1613 4340 ἄνδρα·
1644 4271 1902 4339 ὑπόταξις
1947 4270 2025 4356 δὲ,
2059 4272 2148 4325 ὅτε
2179 4273 2495 4343 μονομερῶς
2521 4278 2570 4330 ot
2596 4277 2742 4347 ψιλοὶ
2769 4279 2880 4333 τῶν
2948 4280 3188 4336 ὁπλιτῶν
3241 4282 3467 4337 ὄπισθεν
3534 4285 3818 4343 ῑστανταιο
3887 4295 4024 4356 προ-

751 4360 905 4425 τάξις
931 4360 1008 4424 δὲ,
1037 4362 1125 4414 ὅτε
1155 4360 1264 4415 τῶν
1311 4360 1546 4414 ὁπλιτῶν
1589 4361 1902 4433 ἔμπροσθεν
1969 4355 2113 4416 οὗτοι
2152 4363 2438 4418 τάττονται
2474 4366 2519 4398 ⁸³
2545 4384 2559 4399 ο

750 4456 831 4518 είς
863 4454 1026 4508 πλέον
1060 4454 1235 4524 μῆκος
1270 4455 1595 4520 ἐκτείνεται,
1633 4454 1863 4526 συστολὴ
1900 4456 1959 4509 δὲ
1984 4455 2045 4509 τὸ
2070 4454 2330 4527 ἔμπαλιν.

1034 4543 1189 4598 CAP.
1229 4542 1389 4599 XLII.
1419 4575 1489 4585 —-
1520 4544 2042 4616 Phalangis'ﬁgurm.

818 4638 1292 4707 Quadrangularis
1349 4639 1607 4707 phalanx,
1633 4639 2022 4708 arquilateralis
2060 4638 2321 4708 phalanx,

751 4742 1071 4786 transversa
1107 4728 1369 4799 phalanx,
1416 4739 1563 4784 recta
1600 4730 1857 4800 phalanx,
1899 4730 2119 4799 obliqua
2186 4730 2323 4800 pha-

749 4822 900 4884 lanx,
935 4820 1153 4877 bifrons
1200 4820 1458 4890 phalanx,
1486 4820 1713 4874 adversa
1742 4820 1999 4889 phalanx.
2037 4819 2325 4887 Quadran-

750 4910 961 4982 gularis
989 4909 1191 4965 dicitur
1223 4910 1463 4980 phalanx
1498 4925 1621 4981 quae
1653 4920 1889 4981 quatuor
1922 4911 2183 4967 lateribus
2206 4919 2319 4966 ter-

752 5002 1017 5067 minatur,
1036 5018 1149 5057 non
1174 5010 1358 5056 autem
1389 5002 1715 5072 aequalibus.
1739 5002 1834 5058 sed
1859 5003 2091 5076 oblonga
2121 5004 2324 5075 ﬁgura;

748 5093 1161 5157 :cquilateralis,
1213 5107 1339 5164 qua:
1395 5094 1449 5147 in
1492 5101 1730 5164 quatuor
1778 5095 2042 5174 lateribus
2093 5097 2343 5166 equalia'

751 5185 917 5239 habet
941 5188 1182 5254 agmina,
1208 5197 1264 5242 et
1296 5186 1623 5258 quadratum
1645 5201 1839 5260 agmen
1860 5197 2119 5256 vocatur;
2149 5200 2330 5246 trans-

748 5292 909 5332 versa
962 5278 1223 5348 phalanx,
1255 5296 1379 5351 qua:
1396 5278 1629 5336 frontem
1664 5283 1838 5336 multo
1863 5281 2169 5353 longiorem
2193 5298 2321 5354 pro—

748 5368 1017 5424 l'unditate
1034 5366 1193 5425 habet
1207 5379 1262 5426 et
1280 5370 1583 5427 secundum
1612 5371 2007 5442 longitudinem
2043 5372 2321 5443 quadran-

748 5461 992 5532 gularem
1044 5477 1105 5518 se
1125 5462 1288 5518 ellicit
1320 5481 1336 5520 :
1368 5463 1516 5535 quod
1557 5464 1812 5534 perutile,
1849 5463 1905 5519 in
1964 5464 2319 5535 parataxihus

2647 4369 2990 4443 παρεκὸολὴ,
3029 4373 3119 4426 ὅτε
3149 4372 3212 4426 τὸ
3242 4372 3342 4445 τῆς
3420 4376 3700 4446 φάλαγγος
3764 4378 4024 4450 μέτωπον

2571 4548 2825 4603 ΚΕΦΑΛ.
2857 4547 2993 4603 MB'.
3024 4579 3095 4590 —
3120 4550 3530 4619 Σχηματισμοι
3552 4550 3890 4620 pitur-mc.

2504 4640 2740 4694 Πλαισία
2768 4639 3007 4709 φάλαγξ,
3042 4640 3364 4711 ῑσόπλευρος
3405 4640 3637 4709 φάλαγξ.
3680 4641 3889 4712 πλαγία
3921 4645 4022 4713 φά-

2431 4729 2589 4799 λαγξ,
2622 4731 2779 4802 ὀρθία
2812 4729 3049 4801 φάλαγξ,
3080 4731 3211 4803 λοξὴ
3260 4730 3496 4800 φάλαγξ,
3532 4732 3885 4803 ἀμφίστομος
3919 4737 4021 4804 φά-

2430 4821 2589 4893 λαγξ,
2615 4823 2937 4894 ἀντίστομος
2970 4823 3205 4893 φάλαγξ.
3233 4824 3346 4878 Καὶ
3390 4824 3616 4879 πλαισία
3649 4825 3873 4893 λέγεται
3913 4828 4017 4897 φά-

2428 4912 2565 4983 λαγξ
2586 4915 2621 4985 ὴ
2648 4915 2713 4967 ὲκ
2746 4914 3029 4985 τεσσάρων
3061 4914 3161 4985 μὲν
3204 4914 3459 4985 πλευρῶν
3489 4919 3827 4987 συγκειμένη
3876 4919 4019 4989 πλὴν

2426 5006 2525 5060 οὐκ
2556 5007 2614 5059 ιν
2657 5005 2985 5077 ἰσοπλεύρῳ,
3025 5005 3142 5059 ἀλλ’
3177 5006 3236 5061 ὲν
3283 5007 3548 5077 ὲπιμήκει
3584 5009 3826 5078 σχήματι
3848 5026 3864 5041 ·
3911 5012 4017 5065 ίσό-

2426 5098 2660 5168 πλευρος
2686 5097 2745 5152 δὲ
2788 5100 2823 5169 ἡ
2858 5098 2923 5151 ὲκ
2957 5097 3239 5169 τεσσάρων
3285 5098 3473 5170 μερῶν
3511 5100 3602 5153 ῐσά
3647 5100 3715 5153 τὰ
3752 5103 4015 5173 τάγματα

2426 5190 2646 5263 ἔχουσα,
2671 5189 2837 5244 τοῦτο
2858 5190 2917 5243 δὲ
2946 5191 3043 5245 καὶ
3081 5189 3324 5244 πλινθίον
3356 5190 3633 5245 καλεῖται·
3666 5190 3881 5259 πλαγία
3911 5194 4013 5262 φά-

2425 5282 2563 5351 λαγξ
2586 5283 2620 5353 ἡ
2652 5282 2715 5335 τὸ
2745 5282 2998 5354 μέτωπον
3025 5280 3160 5337 πολύ
3193 5281 3380 5351 μεῖζον
3404 5281 3501 5335 τοῦ
3533 5282 3732 5353 βάθους
3765 5284 4009 5337 ἑκτεινὸο

2431 5390 2592 5443 μενον
2619 5371 2819 5443 ἔχουσα
2847 5372 2941 5426 καὶ
2971 5372 3066 5426 ἐπὶ
3098 5372 3261 5443 μήκει
3296 5371 3503 5442 ταύτην
3540 5371 3772 5426 ποιοῦσα
3808 5376 4007 5445 τετρά-

2426 5479 2620 5530 γωνον,
2648 5461 2678 5515 ὁ
2705 5459 2771 5533 δὴ
2797 5458 3067 5535 χρήσιμον
3092 5463 3153 5517 ὲν
3186 5462 3305 5526 ταῖς
3343 5462 3684 5533 παρατάξεσι
3730 5462 3968 5534 μάλιστα
3988 5482 4001 5493 ·

2117 5598 2347 5659 VARUS
2382 5597 2789 5659 LECTIONES.

820 5718 1162 5792 ’ξλκατασολὴ
1196 5721 1256 5776 Β.
1334 5722 1378 5754 ’⁸
1410 5723 1673 5792 στοιχεῖον
1698 5721 1756 5775 Β.
1836 5722 1883 5792 ’,⁸
1915 5720 1946 5791 ἢ
1972 5717 2030 5773 Β.

745 5788 1040 5862 explicatio
1072 5786 1265 5862 hausta
1321 5800 1425 5862 cst,
1488 5786 1698 5849 nullum
1746 5793 1802 5849 in
1851 5790 1908 5846 Β.
1937 5786 1945 5791 ’
1973 5786 2281 5862 vestigium.
2378 5789 2422 5822 ⁸ο
2450 5788 2675 5862 γένηται
2718 5786 2776 5844 Β.

747 5860 792 5892 ⁸³
829 5861 1126 5917 τάττωνται
1152 5860 1211 5917 Β.

2130 5715 2834 5822 :.'..‘?.?‘““.‘3a‘.,3;-.:15“
2867 5716 2933 5822 3.:
2975 5717 3680 5822 .ἶῖ.ἒέ⁸ξξ⁸,.ἶ.ῗξὲ.¹ἒέ⁸ιι⁴³“³
3706 5733 3996 5822 8³ἔὲἕῗ³ξξ⁸

2892 5790 2933 5822 ⁸¹
2973 5788 3149 5845 εῖτουν
3173 5789 3261 5846 hic
3290 5788 3508 5860 quidem
3532 5788 3598 5844 Β.
3706 5788 3757 5822 ⁸³
3779 5788 3906 5845 ὅταν
3934 5788 3988 5844 Β.
