4200 6438
207 461 354 526 ιιον

1387 475 1720 535 'I‘ACTICA.
1749 501 1818 510 -
1851 473 2252 536 APPENDIX-

3323 493 3461 555 1110

199 581 370 652 ὀρθία
397 579 609 648 φάλαγξ
639 583 668 648 ἡ
706 581 767 632 τὸ
797 582 967 648 πάχος
997 583 1348 653 πολὺ.μεῖζον
1370 587 1460 638 τοῦ
1500 587 1708 655 μήκους
1735 588 1783 619 ³⁵

1901 592 2184 644 )rzesertim
2209 607 2222 655 ;
2258 600 2402 645 recta
2423 594 2680 662 phalanx.
2703 612 2823 662 ιιιιιιι
2840 599 3269 665 profunditatem
3293 607 3464 662 multo

200 679 431 746 ἔχουσα,
465 673 494 726 δ
519 675 584 743 δὴ
612 675 705 726 καὶ
737 678 795 726 ἐν
847 676 1035 746 μόναις
1063 681 1182 740 ταῖς
1221 679 1552 750 δυσχωρίαις
1591 681 1782 749 χρήσι-

206 792 315 841 μον
339 790 352 802 ο
385 771 512 840 λοξὴ
550 771 762 838 φάλαγξ
789 770 822 838 ἡ
861 770 984 822 καθ’
1016 770 1075 822 ἓν
1102 771 1477 840 ἀγωνιζομένη
1512 769 1699 840 κέρας,
1723 770 1783 823 τὸ

201 867 264 918 δὲ
295 866 480 918 λοιπὸν
515 863 698 932 ἠρέμα
731 863 778 894 ⁸⁸
810 863 1230 917 ὑποστέλλουσα.
1275 863 1643 933 Ἀμφίστσμος
1678 863 1784 932 φά-

202 956 352 1024 λαγξ
377 957 622 1026 διαφέρει
649 955 746 1023 τῆς
788 955 1114 1025 άντιστόμου
1134 969 1146 986 ο
1176 955 1209 1024 ἡ
1245 955 1340 1023 μὲν
1371 955 1479 1024 γὰρ
1519 953 1784 1022 ἀμφίστο-

206 1067 312 1118 μος
335 1051 392 1102 έν
412 1049 675 1116 ἐπιμήκει
693 1048 858 1117 ὀρθίῳ
875 1047 1227 1118 θεωρουμένη
1242 1047 1480 1116 σχήματι
1495 1047 1556 1099 ἐκ
1573 1048 1678 1099 τῶν
1692 1046 1784 1099 δύο

203 1140 460 1207 πλαγίων
489 1140 581 1192 τὸν
608 1139 842 1208 πόλεμον
893 1138 1090 1208 ἔχουσα
1126 1139 1473 1205 ἀγωνίζεται,
1505 1137 1612 1209 ἠδὲ
1640 1137 1782 1191 άντί⁹

207 1249 411 1300 στομος
441 1235 500 1286 έν
531 1234 791 1301 ὲπιμήκει
816 1231 1028 1300 πλαγίῳ
1047 1210 1385 1301 ἑκατέρωθεν
1412 1231 1508 1300 μὲν
1527 1232 1620 1284 καὶ
1645 1229 1786 1299 αὕτη

205 1323 305 1375 τὸν
331 1323 566 1391 πόλεμον
593 1322 727 1391 ἔχει,
749 1321 888 1386 πλὴν
922 1323 1020 1374 οὐκ
1047 1323 1109 1374 ὲκ
1138 1321 1404 1389 πλαγίων,
1433 1322 1546 1374 ἀλλ’
1583 1325 1648 1374 ὲκ
1677 1321 1787 1376 τῶν

206 1415 524 1483 ιμπροσθέν
545 1431 601 1465 τε
631 1416 726 1465 καὶ
753 1413 998 1465 δπισθεν.

210 1507 468 1560 ΚΕΦΑΛ.
511 1505 640 1558 ΜΓ.
676 1538 742 1547 ——
782 1506 920 1573 Περὶ
963 1506 1200 1570 βάθους
1238 1507 1342 1559 εἴτ’
1387 1503 1500 1563 οὖν
1555 1508 1788 1574 πάχους

287 1575 408 1631 τῶν
449 1593 511 1629 τε
551 1575 798 1634 πεζικῶν
838 1577 933 1629 καὶ
978 1575 1235 1629 ἱππικῶν
1280 1577 1527 1640 τάξεων,
1583 1579 1670 1630 ἔτι
1721 1577 1789 1630 δὲ

285 1650 383 1701 καὶ
410 1646 644 1715 μήκους
682 1645 901 1706 αὐτῶν,
937 1647 1033 1698 καὶ
1084 1648 1278 1700 πόσον
1307 1647 1377 1700 ἐν
1415 1647 1488 1713 τῇ
1531 1647 1790 1714 παρατὰ-

288 1718 377 1782 ξει
406 1719 591 1769 τόπον
616 1717 647 1769 ὅ
671 1735 733 1769 τε
768 1715 938 1781 πεζὸς
963 1715 1215 1784 ἐπέχων,
1257 1716 1290 1767 ὅ
1312 1734 1373 1770 τε
1403 1717 1614 1782 ἱππεὺς
1639 1719 1790 1785 πρὸς

290 1789 547 1851 τούτοις,
600 1787 696 1838 καὶ
745 1786 874 1852 περὶ
933 1785 1051 1839 τῶν
1100 1788 1168 1838 ἐν
1216 1788 1345 1851 ταῖς
1393 1787 1597 1849 τάξεσι
1643 1788 1792 1853 πρὸς

285 1859 566 1922 ἀλλήλας
595 1857 1030 1922 διαλειμμάτων
1051 1857 1097 1888 ⁸⁸
1121 1857 1213 1922 ex:
1241 1859 1477 1922 εὐθείας
1507 1876 1568 1910 τε
1597 1858 1793 1910 dicati-3

286 1946 398 1990 τως
429 1920 557 1997 ξκαὶ
601 1928 670 1980 ἐκ
716 1920 1001 1995 πλαγίου,
1058 1927 1127 1980 ἐν
1176 1920 1224 1993 ᾧ
1271 1929 1369 1980 καὶ
1425 1920 1557 1997 περὶ
1610 1927 1791 1990 τόξου
1823 1927 1865 1983 Β

283 1996 507 2063 βολῆς.

288 2083 411 2136 Τῶν
454 2085 551 2153 μὲν
589 2083 680 2136 οὖν
722 2084 961 2148 πεζικῶν
1009 2085 1305 2154 ταγμάτων
1344 2087 1504 2156 βάθος
1545 2085 1604 2139 τὸ
1635 2086 1793 2157 μέγι-

214 2189 342 2228 στον
367 2176 427 2229 οὐ
462 2175 624 2228 πλέον
652 2175 875 2244 ὁρδίνων
898 2177 1014 2229 ἐστὶ
1033 2177 1244 2242 δεκαέξ,
1269 2179 1331 2231 τὸ
1365 2179 1546 2249 μέντοι
1577 2178 1795 2234 ἔλαττον

213 2267 388 2319 ἑπτά·
413 2269 473 2319 τό
497 2285 554 2320 τε
585 2268 629 2299 "
666 2267 776 2336 γάρ
805 2267 1060 2320 ἐπέκεινα
1087 2268 1197 2320 τῶν
1228 2269 1420 2334 δεκαὲξ
1451 2271 1622 2339 πάχος
1652 2273 1794 2324 ἀνω-

215 2358 382 2427 φελὲς
419 2359 506 2412 διὰ
528 2360 588 2412 τὸ
617 2361 662 2390 ¹¹⁶¹
695 2360 787 2412 καὶ
821 2359 945 2422 τοὺς
972 2359 1296 2423 ἀκοντιστάς
1320 2361 1446 2425 τούς
1476 2379 1534 2413 τε
1574 2362 1794 2426 τοξότας

214 2452 315 2503 καὶ
335 2453 462 2514 τοὺς
491 2453 852 2524 σφενδονήτας
885 2454 990 2507 ὑπὸ
1012 2455 1121 2507 τῶν
1157 2453 1464 2524 ἔμπροσθεν
1491 2455 1795 2523 ἱσταμένων

215 2542 432 2594 πολλῶν
471 2543 639 2595 ὄντων
683 2543 1092 2613 ἐμποδίζεσθαι,
1124 2546 1219 2598 καὶ
1257 2545 1318 2598 τὸ
1361 2545 1577 2596 ἔλαττον
1601 2545 1657 2597 δὲ
1688 2542 1795 2597 τῶν

215 2634 363 2686 ἑπτά
407 2634 527 2688 καθ’
566 2635 755 2704 ἕτερον
779 2635 980 2704 τρόπον
1027 2637 1299 2706 ἄχρηστον
1319 2651 1332 2664 ·
1362 2635 1468 2688 τῶν
1494 2635 1601 2704 γὰρ
1635 2636 1794 2687 πολε-

219 2723 366 2793 μίων
392 2726 455 2775 ὲκ
483 2723 591 2776 τῶν
623 2725 931 2794 ἔμπροσθεν
976 2724 1087 2777 ἐσθ’
1120 2726 1207 2777 ὅτε
1240 2726 1334 2776 καὶ
1364 2725 1584 2776 ὄπισθεν
1612 2726 1794 2776 ἐπιθε-

220 2815 403 2883 μένων
425 2815 559 2885 ὁμοῦ
592 2818 685 2868 καὶ
715 2816 1036 2886 άντιστόμου
1069 2816 1156 2869 διὰ
1180 2815 1337 2868 τοῦτο
1368 2817 1466 2885 τῆς
1519 2815 1796 2884 φάλαγγος

217 2908 516 2976 γινομένης
553 2908 752 2979 ῥᾳδίως
796 2908 1004 2977 ταύτην
1053 2908 1328 2976 ληφθῆναι
1378 2909 1528 2976 παρὰ
1564 2908 1671 2959 τῶν
1703 2925 1798 2960 πο-

215 2998 427 3068 λεμίων
462 2999 803 3068 συμὸήσεται
848 2999 1010 3066 βάθος
1048 3000 1124 3069 μὴ
1155 3000 1384 3067 ἔχουσαν
1426 2999 1702 3064 ἀξιόλογον
1727 3000 1794 3052 ⁸³.

218 3089 317 3154 Είς
344 3090 553 3144 δώδεκα
577 3091 677 3160 μὲν
701 3086 794 3143 οὖν
823 3091 1068 3160 χιλιάδας
1097 3090 1192 3144 καὶ
1227 3091 1486 3142 ἐπέκεινα
1519 3089 1613 3142 τοῦ
1642 3090 1795 3152 πεζι-

1886 683 2145 750 nrajorem
2163 682 2322 735 habet
2337 683 2668 753 longitudine
2690 705 2703 738 :
2723 689 2868 756 quod
2888 691 2938 742 in
2959 696 3229 763 angustiis
3252 700 3461 750 tantum

1885 771 2128 826 locorum
2167 774 2399 844 perutile
2431 792 2445 839 ;
2482 777 2699 846 obliqua
2755 780 3014 848 phalanx,
3045 801 3166 853 quaa-
3197 803 3307 840 uno
3340 799 3463 842 tan-

1885 876 2000 922 tum
2032 883 2204 922 cornu
2231 868 2478 935 dimicat,
2515 873 2740 943 reliquis
2773 875 2950 928 otium
3017 881 3342 946 agentibus;
3379 883 3465 937 bi-

1887 959 2038 1013 frons
2076 960 2304 1029 phalanx
2346 975 2471 1014 cum
2495 963 2723 1019 adversa
2750 959 2934 1020 differt
2971 987 2984 1022 :
3019 967 3232 1025 bifrons
3263 975 3463 1026 etenim

1888 1052 2121 1121 oblonga
2145 1061 2197 1106 et
2227 1060 2372 1106 recta
2403 1054 2573 1122 figura
2595 1055 2820 1110 dimicat
2851 1068 3086 1129 utroque
3130 1061 3333 1121 latere;
3361 1064 3464 1116 ad-

1890 1160 2044 1200 versa
2089 1160 2218 1199 vero
2270 1147 2562 1216 oblongam
2616 1157 2850 1218 utroque
2888 1153 3059 1209 latere
3108 1156 3224 1224 ipsa
3244 1173 3468 1226 quoque

1887 1239 2114 1307 figuram
2133 1237 2314 1302 habet,
2335 1254 2442 1292 non
2461 1247 2644 1293 autem
2659 1254 2689 1295 e
2710 1250 3047 1310 transverso,
3068 1245 3163 1300 sed
3178 1243 3468 1302 adversum

1887 1339 1942 1387 et
1975 1339 2276 1386 retrorsum
2315 1331 2558 1387 dimicat.

1889 1509 2046 1565 CAP.
2075 1509 2264 1565 XLIII.
2293 1540 2363 1552 -
2397 1511 2471 1566 De
2493 1513 2861 1581 profunditate
2909 1528 3001 1566 seu
3026 1511 3290 1581 densitate
3327 1513 3472 1575 prdi-

1963 1590 2073 1634 tum
2120 1592 2170 1634 et
2209 1585 2443 1647 equitum
2469 1576 2657 1636 mm
2687 1593 2737 1636 et
2783 1583 2846 1635 de
2875 1598 3061 1636 earum
3097 1576 3427 1651 longitudine
3455 1623 3470 1645 ,

1962 1660 2115 1720 atque
2144 1663 2400 1722 quantum
2445 1655 2499 1705 in
2531 1654 2783 1722 paraturi
2834 1654 2936 1706 loci
2971 1653 3170 1706 obtinet
3225 1653 3378 1720 pedes
3425 1663 3475 1706 et

1959 1737 2135 1787 eques,
2165 1721 2228 1775 de
2252 1723 2543 1776 intervallis
2585 1739 2786 1789 quoque
2843 1735 3032 1774 taxeon
3067 1724 3202 1775 inter
3252 1740 3305 1776 se
3371 1725 3478 1774 sire

1963 1789 2161 1874 directo
2201 1792 2306 1846 sive
2361 1808 2388 1846 e
2447 1802 2763 1854 transverso,
2818 1791 2908 1844 ubi
2962 1807 3158 1845 necnon
3210 1799 3258 1845 et
3297 1793 3476 1845 ἀεκιὲ

1954 1875 2130 1932 Ῑιιειιι.

1967 2087 2214 2143 Peditum
2258 2101 2477 2156 agmina
2532 2088 2824 2141 maximam
2861 2088 3295 2157 profunditatem
3341 2103 3474 2144 sex-

1896 2183 2068 2238 decim
2103 2179 2357 2235 ordinum
2408 2180 2667 2242 baheant,
2718 2195 2816 2233 nec
2872 2181 3130 2249 amplius,
3193 2180 3476 2232 minimam

1896 2290 2024 2330 vero
2066 2281 2275 2343 septem
2307 2288 2322 2326 :
2361 2272 2501 2324 ultra
2533 2287 2770 2340 namque
2795 2271 3071 2327 sexdecim
3121 2271 3348 2324 ordines
3385 2286 3482 2322 no-

1897 2369 1985 2423 xia
2021 2373 2165 2422 esset
2196 2363 2543 2432 profunditas
2605 2374 2827 2433 propter
2875 2364 3212 2432 iaculatores
3259 2363 3484 2431 sagitta.-

1897 2461 2120 2527 riosque
2145 2466 2199 2511 et
2231 2453 2549 2510 fundatures
2591 2454 2686 2524 qui
2725 2473 2753 2508 a
2782 2455 3039 2525 pluribus
3084 2464 3212 2508 ante
3245 2469 3304 2507 se
3327 2465 3483 2507 stan-

1898 2553 2044 2606 tibus
2094 2549 2534 2618 impcdirentur;
2592 2548 2776 2601 minor
2835 2556 3019 2600 autem
3060 2542 3352 2599 ordinibus
3397 2560 3486 2598 se-

1900 2653 2040 2715 ptem
2069 2643 2176 2696 alio
2193 2658 2410 2712 quoque
2432 2641 2592 2695 modo
2617 2640 2780 2694 noxia
2820 2656 2833 2692 :
2869 2639 3121 2692 accidere
3141 2640 3287 2692 enim
3310 2645 3490 2706 potest

1899 2748 1955 2790 ut
1991 2735 2246 2804 phalanx,
2291 2733 2543 2786 hostibus
2601 2740 2728 2785 ante
2776 2739 2829 2784 et
2908 2739 3031 2798 post
3079 2729 3484 2788 insistentibus,

1900 2825 2042 2880 unde
2072 2825 2296 2878 adversa
2322 2823 2433 2876 fieri
2469 2821 2704 2888 cogitur,
2750 2818 2909 2874 facile
2939 2820 3162 2872 tollatur
3195 2817 3485 2872 sullicienti

1897 2930 2094 2968 carens
2123 2911 2510 2982 profunditate.
2561 2909 2698 2963 Cum
2754 2908 2920 2977 igitur
2975 2906 3264 2961 duodecim
3312 2906 3482 2958 millia

1900 3005 2063 3058 habet
2108 3002 2378 3056 exercitus
2440 2999 2709 3069 pedestris
2758 3009 2853 3052 aut
2887 2999 3051 3062 ultra,
3108 3007 3238 3050 ttmc
3268 3003 3489 3064 oportet

1899 3095 2113 3161 agmina
2142 3092 2414 3147 sexdecim
2445 3090 2700 3144 ordinum
2749 3087 2962 3153 facere;
2993 3088 3136 3157 quod
3200 3087 3246 3141 si
3303 3086 3483 3138 minor

219 3181 322 3234 κοῦ
374 3182 711 3251 ποσουμένου
747 3181 979 3251 στρατοῦ
1029 3183 1150 3235 τότε
1182 3181 1263 3234 δεῖ
1306 3183 1398 3234 καὶ
1427 3181 1494 3233 τά
1543 3182 1797 3248 τάγματα

1901 3187 1970 3239 sit
2002 3200 2280 3245 numerus,
2317 3197 2491 3251 usque
2525 3181 2589 3234 ad
2625 3188 2832 3248 septem
2878 3179 3099 3234 ordines
3144 3178 3486 3233 descendere

218 3273 326 3325 ἀνὰ
369 3271 560 3335 δεκαέξ
585 3271 806 3342 δρδίνων
842 3277 1036 3338 ποιεῖν,
1087 3273 1366 3335 ἐλάττονος
1399 3272 1442 3324 δ’
1491 3271 1658 3339 οὔσης
1700 3272 1797 3340 τῆς

1906 3278 2050 3329 licet.
2090 3274 2161 3326 Ea
2198 3289 2318 3327 esse
2347 3250 2506 3325 debet
2536 3270 2806 3340 pedestris
2831 3271 2964 3323 aciei
3001 3267 3368 3336 profunditas.
3396 3282 3489 3320 seu

222 3366 484 3433 στρατιᾶς
503 3365 598 3420 καὶ
628 3366 789 3434 μέχρι
812 3366 920 3417 τῶν
949 3365 1085 3417 ἑπτά
1111 3364 1416 3417 συστέλλειν
1437 3364 1575 3415 αὐτὰ
1598 3365 1796 3426 ἔξεστι.

224 3454 336 3510 Καὶ
369 3457 511 3510 οὕτω
561 3458 658 3526 μὲν
684 3459 744 3510 rb
797 3457 1016 3528 βάθοςῆ
1070 3458 1240 3526 πάχος
1270 3456 1381 3521 ἕξει
1423 3457 1522 3525 τῆς
1575 3456 1804 3525 πεζικῆς

223 3549 455 3615 τάξεως,
499 3548 560 3600 τὸ
589 3549 645 3602 δὲ
687 3551 858 3619 μῆκος
889 3548 1095 3619 ταύτης
1139 3550 1427 3619 ἀόριστον·
1465 3550 1640 3616 ἔξεστι
1695 3550 1803 3620 γάρ

230 3642 328 3694 καὶ
376 3642 634 3694 ἐκτείνειν
675 3640 879 3710 ταύτην
906 3642 1002 3695 καὶ
1042 3643 1352 3694 συστέλλειν
1384 3641 1494 3693 ἔσθ’
1542 3643 1630 3694 ὅτε
1662 3642 1802 3695 κατὰ

222 3731 284 3784 τὸ
306 3730 407 3799 τῆς
435 3731 692 3798 στρατιᾶς
735 3729 978 3798 δηλονότι
1011 3729 1215 3798 πλῆθος
1244 3730 1312 3782 ’°.
1354 3728 1426 3780 Τὸ
1468 3727 1513 3779 δ’
1558 3723 1651 3779 οῦν
1697 3728 1803 3796 μά-

224 3827 384 3879 λιστα
415 3821 730 3893 σύμμετρον
753 3822 942 3876 δοκοῦν
965 3822 1022 3874 ὲν
1052 3822 1356 3892 παρατάξει
1390 3820 1564 3890 μῆκος
1593 3820 1801 3890 ἀνδρῶν

225 3921 344 3972 ἐστι
378 3917 729 3988 τριακοσίων,
760 3912 821 3966 τὸ
850 3913 906 3966 δὲ
949 3913 1230 3983 ἐλάχιστον
1274 3913 1584 3966 διακοσίων.
1627 3912 1801 3964 Ἱππι-

227 4009 342 4064 κῶν
388 4009 445 4062 δὲ
482 4006 778 4077 ταγμάτων
817 4005 878 4057 τὸ
913 4005 1010 4075 μὲν
1068 4004 1322 4073 μέγιστον
1366 4003 1526 4072 βάθος
1574 4003 1800 4069 δρδίνων

225 4103 344 4156 ἐστί
373 4103 522 4164 δέκα,
558 4101 619 4154 τὸ
647 4101 702 4154 δὲ
729 4099 948 4151 ἔλαττον
983 4078 1114 4156 πάτὲ
1145 4097 1240 4150 καὶ
1275 4095 1436 4166 μέχρι
1482 4095 1762 4165 τεσσάρων
1783 4110 1798 4125 ο

226 4196 261 4265 ἡ
295 4195 406 4264 γὰρ
431 4194 507 4264 μὴ
538 4194 738 4263 ἔχουσα
787 4191 960 4260 πάχος
1005 4165 1207 4256 ίιτιτικὴ
1248 4165 1554 4257 παράταξις
1597 4188 1675 4249 είς
1704 4186 1803 4255 μὲν

225 4286 501 4356 πολέμους
547 4287 840 4355 ἄχρηστος.
879 4282 1001 4334 ἐπεὶ
1055 4277 1452 4348 διακοπτομένη
1501 4277 1651 4348 παρὰ
1694 4277 1804 4330 τῶν

227 4377 507 4446 πολεμίων
539 4376 816 4429 κύκλωσιν
851 4370 1112 4442 ὑπομένει
1144 4370 1239 4422 καὶ
1281 4369 1454 4439 ῥᾷστα
1485 4370 1661 4439 φθορᾷ
1695 4385 1802 4421 πα-

229 4467 522 4539 ραδίδοται,
575 4460 1037 4534 αἰχμαλωτίσαι’¹
1075 4461 1130 4513 δὲ
1191 4461 1284 4513 καὶ
1338 4459 1523 4529 χώραν
1573 4459 1802 4528 τάχιστα

1905 3369 2172 3428 densitas,
2211 3363 2497 3432 longitudo
2543 3373 2726 3416 autem
2766 3361 3036 3414 illimitata
3069 3378 3084 3414 :
3116 3365 3293 3428 potest
3347 3359 3491 3411 enim

1906 3467 2000 3511 aut
2048 3456 2264 3511 extendi
2290 3463 2386 3508 aut
2417 3453 2666 3506 contrahi
2702 3467 2799 3520 pro
2853 3451 3128 3505 exercitus
3157 3449 3366 3504 scilicet
3387 3463 3493 3502 nu-

1905 3548 2236 3604 merositate.
2269 3546 2456 3615 Aptior
2487 3557 2651 3614 porro
2702 3542 2916 3596 videtur
2943 3542 2996 3595 in
3031 3541 3279 3610 parataxi
3318 3540 3497 3610 longi-

1905 3640 2115 3695 tudoad
2140 3654 2415 3694 sumnmm
2448 3645 2812 3691 trecentorum
2835 3634 3078 3689 virorum
3111 3642 3165 3688 et
3194 3632 3491 3686 minimum

1903 3735 2285 3790 ducentorum.
2321 3730 2666 3800 Equestrium
2693 3729 2973 3797 agminum
3010 3726 3361 3798 profunditas
3380 3742 3497 3780 ma-

1904 3827 2051 3880 xima
2081 3825 2336 3878 ordinum
2373 3822 2582 3884 decem,
2649 3821 2874 3875 minima
2905 3836 3030 3874 vero
3062 3819 3308 3887 adusque
3352 3835 3493 3888 qua-

1904 3929 2065 3972 tuor:
2110 3917 2386 3987 parataxis
2435 3929 2673 3982 namque
2730 3914 3024 3982 equestris,
3057 3912 3162 3967 nisi
3198 3911 3492 3981 profunda.

1904 4010 2107 4063 nullam
2138 4008 2190 4061 in
2235 4009 2419 4061 hostes
2455 4006 2739 4059 utilitatem
2779 4005 3002 4073 pra3bet,
3055 4003 3326 4071 siquidem
3375 4018 3498 4072 per-

1905 4110 2061 4169 rupta
2120 4099 2564 4154 circumducetur
2597 4107 2651 4151 et
2689 4096 2948 4149 facillime
2986 4095 3308 4149 conticietur
3339 4111 3353 4159 ;
3387 4094 3497 4146 uti-

1905 4194 1972 4248 lis
2001 4201 2180 4247 autem
2210 4206 2373 4260 quam
2411 4190 2649 4244 maxime
2678 4201 2760 4243 est
2783 4189 2849 4243 ad
2869 4187 3222 4242 abducendus
3252 4187 3500 4255 captivos

1904 4297 1958 4341 et
2007 4287 2279 4354 regionem
2329 4283 2614 4337 celerrime
2641 4279 3097 4350 depopulandam.
3127 4277 3264 4332 Cum
3339 4274 3501 4348 igitur

1903 4379 2172 4446 equestris
2198 4375 2472 4429 exercitus
2511 4375 2699 4428 decem
2728 4374 2956 4427 millium
2996 4383 3100 4438 est,
3131 4382 3259 4426 tunc
3287 4380 3503 4440 oportet

1905 4471 2120 4539 agmina
2143 4470 2329 4522 decem
2359 4484 2481 4522 esse
2500 4471 2752 4522 ordinum
2790 4485 2805 4533 ;
2849 4469 2894 4522 si
2926 4483 3051 4522 vero
3087 4467 3266 4521 minor
3293 4474 3379 4520 est
3432 4464 3501 4519 ad

226 4559 516 4630 ἐρημῶσαι
566 4558 661 4608 καὶ
697 4555 817 4607 λίαν
869 4554 1137 4623 χρήσιμος
1166 4552 1232 4603 ’⁸.
1268 4551 1362 4614 Εἰς
1399 4551 1530 4602 δέκα
1566 4550 1663 4618 μὲν
1710 4546 1797 4606 οῦν

1909 4562 2151 4629 quinque
2199 4571 2254 4613 et
2279 4560 2565 4613 minimum
2605 4569 2842 4627 quatuor
2889 4567 2974 4613 est
3015 4553 3497 4612 descendendum:

227 4649 475 4722 χιλιάδας
536 4644 631 4699 τοῦ
697 4644 920 4698 ἱππικοῦ
984 4641 1319 4710 ποσουμένου
1383 4641 1612 4709 στρατοῦ
1681 4641 1802 4692 τότε

226 4745 310 4796 δεῖ
351 4742 445 4794 καὶ
473 4740 540 4792 τά
566 4734 824 4807 τάγματα
858 4735 960 4788 ἀνά
995 4734 1127 4786 δέκα
1154 4734 1327 4786 ποιεῖν
1359 4733 1604 4801 ὁρδίνων,
1645 4732 1800 4784 ἐλάτ-

227 4850 382 4896 τονος
437 4826 480 4883 δ’
530 4826 698 4899 οὔσης
755 4829 852 4897 τῆς
892 4827 1148 4896 στρατιάς
1183 4825 1285 4878 ἀνά
1326 4826 1482 4876 πέντε
1516 4825 1549 4893 ἢ
1610 4826 1804 4878 τεσσά-

231 4937 344 4993 ρων
393 4920 761 4990 τούλάχιστον,
806 4918 836 4970 δ
883 4919 946 4987 δὴ
995 4917 1228 4984 μάλιστα
1275 4917 1372 4968 καὶ
1433 4918 1656 4984 ἐνεργὸν
1711 4919 1806 4969 καὶ

229 5015 500 5086 χρήσιμόν
566 5015 713 5065 ἐστιν
773 5013 830 5064 ὲν
893 5012 1012 5072 ταῖς
1057 5007 1428 5077 παρατάξεσιν
1475 5009 1543 5071 ’³,
1609 5009 1729 5060 ἐπεὶ
1777 5010 1804 5060 ὁ

228 5109 407 5160 ὀπίσω
428 5106 538 5158 τῶν
557 5106 717 5158 πέντε
748 5103 960 5156 ἱππέων
995 5101 1280 5170 ἱστάμενος
1307 5101 1528 5172 τοξότης
1560 5101 1647 5153 διὰ
1677 5103 1803 5165 τοὺς

230 5196 696 5268 ιπιπροσθοῦντας
726 5195 773 5227 ’⁸
813 5193 961 5274 αὐτῷ
991 5193 1230 5259 τοξεύειν
1273 5194 1353 5256 εἰς
1381 5194 1513 5262 ὕψος
1557 5195 1800 5260 ἀναγκα-

233 5288 530 5359 σθήσεται,
591 5285 886 5340 κάντεῦθεν
944 5285 1258 5355 άνενεργεϊς
1328 5285 1620 5357 συμϐαίνει
1678 5287 1802 5350 τοὺς

1910 4653 2053 4722 quod
2084 4654 2135 4704 in
2166 4652 2519 4720 parataxihus
2542 4659 2735 4718 potens
2759 4657 2812 4702 et
2835 4649 2966 4701 utile
2989 4657 3093 4710 est,
3117 4649 3372 4717 quoniam
3406 4647 3499 4716 qui

1913 4753 2034 4813 post
2052 4743 2293 4810 quinque
2310 4742 2522 4809 equites
2542 4742 2756 4794 sistitur
2781 4740 3122 4808 sagittarius,
3152 4754 3371 4792 sursum
3394 4739 3497 4791 tela

1913 4836 2126 4888 mittere
2152 4842 2394 4900 cogetur,
2450 4831 2593 4884 unde
2647 4830 2860 4884 inutilia
2893 4830 3050 4892 fiunt,
3078 4836 3132 4882 et
3179 4826 3426 4897 praescrti
3449 4843 3500 4879 ιιι

1911 4925 2167 4994 quoniam
2183 4933 2361 4991 potest
2394 4923 2615 4991 quidem
2645 4923 2807 4990 pedes
2826 4937 2922 4975 eos
2949 4922 3183 4990 quiante
3217 4937 3276 4975 se
3303 4925 3504 4978 Stant,

1917 5017 1969 5070 in
2009 5032 2237 5085 pugnam
2264 5015 2562 5080 impellere,
2601 5013 2750 5067 nullo
2776 5020 2954 5066 autem
2981 5013 3144 5066 modo
3177 5027 3370 5081 eques.
3397 5009 3504 5064 Sed

1914 5107 2086 5160 fusius
2108 5107 2174 5159 de
2194 5106 2422 5173 singulis
2441 5105 2612 5172 capite
2639 5104 3059 5172 quadragesimo
3087 5112 3241 5156 sexto
3261 5101 3499 5155 dicetur.

1918 5197 1993 5250 Ea
2042 5212 2164 5250 esse
2221 5196 2380 5249 debet
2447 5195 2718 5262 equestris
2781 5202 3107 5261 parataxeos
3161 5191 3504 5260 profunditas

1916 5304 2014 5344 seu
2061 5288 2325 5352 densitas,
2351 5284 2630 5356 longitudo
2662 5292 2844 5339 autem
2887 5285 2975 5340 hic
2997 5285 3158 5339 etiam
3189 5284 3504 5344 illimitata;

1502 5420 1736 5476 VARIIE
1759 5421 2166 5480 LECTIONES.

303 5542 352 5578 ιι
376 5543 570 5613 βάθους
620 5554 896 5613 superscr.
963 5539 1170 5613 μήκους
1202 5538 1344 5606 (ead.
1396 5539 1498 5608 m.)
1537 5538 1597 5596 Β.

234 5681 321 5738 ml
365 5681 592 5750 ascript.
637 5681 706 5735 ad
743 5693 918 5750 marg.

303 5542 352 5578 “
376 5543 570 5613 βάθους
620 5554 896 5610 superscr.
963 5541 1170 5610 μήκους
1202 5541 1344 5606 (ead.
1396 5541 1498 5608 m.)
1537 5541 1597 5596 Β.
1696 5541 1743 5572 ⁸⁵
1774 5542 1954 5612 ἡρέμα
2003 5541 2060 5594 Β.
2195 5542 2243 5573 ³⁸
2271 5541 2393 5592 διασ

233 5629 474 5684 superne
493 5613 704 5684 positis
723 5622 775 5666 et
811 5611 1263 5684 linea_s_ubducta
1284 5613 1554 5684 notatum)
1585 5620 1638 5684 et
1680 5611 1733 5664 in
1760 5624 1932 5684 marg.
1979 5611 2300 5684 λειμμάτων
2322 5609 2393 5684 _|_l.

961 5679 1122 5749 βάθος
1142 5679 1383 5751 πεζικῶν
1425 5681 1721 5751 ταγμάτων
1753 5682 1815 5732 τὸ
1855 5679 2134 5751 μέγιστον.

2195 5542 2243 5573 ³⁸
2271 5536 2655 5606 διαστημάτων
2701 5533 2819 5601 (sed
2880 5534 3172 5602 στημάτων
3195 5543 3246 5587 et
3272 5533 3486 5598 punctis

2335 5609 2372 5639 ιι
2469 5609 2513 5639 ει
2531 5607 2592 5639 ..Α
2630 5621 2691 5639 ν,
2726 5605 2762 5639 ιι
2886 5604 2933 5634 ει
2965 5604 3121 5639 ηιῧφη
3143 5602 3182 5639 lt
3279 5603 3325 5634 ⁸ο
3362 5601 3471 5639 Rm!

2243 5628 2300 5662 ον
2335 5609 2393 5662 Β.
2449 5601 2513 5639 ’⁸⁷
2531 5607 2592 5658 τό
2630 5621 2692 5673 γε
2726 5605 2782 5656 Β.
2886 5604 2933 5634 ⁸⁸
2965 5601 3121 5655 τοῦτο
3143 5602 3203 5655 Β.
3279 5603 3325 5634 ⁸⁸
3361 5601 3498 5662 Ead.

2243 5681 2288 5710 ’°
2320 5679 2454 5734 Ead.
2481 5693 2555 5730 m.
2599 5676 2824 5744 ascript.
2870 5671 3434 5744 admarg.deinceps
3487 5697 3500 5732 ε

236 5752 399 5821 βάθος
424 5742 668 5816 πεζικῶν
697 5742 1016 5820 ταγμάιτων
1044 5742 1113 5802 τι
1157 5742 1266 5803 ἐλά·
1293 5748 1459 5821 ιστον]
1501 5742 1673 5818 μ’”κον
1704 5751 1830 5820 (sic)
1855 5742 2179 5821 ’σύμμετρον
2210 5751 2228 5822 [
2264 5749 2425 5818 βάθος
2469 5745 2710 5801 ἱππικῶν
2748 5742 3074 5812 ἠταγμάῙτων
3121 5743 3182 5795 τὸ
3223 5742 3502 5812 μέγιστον,

236 5823 276 5854 ’⁸
309 5821 706 5875 αἱγιιαλώτισαι
731 5822 787 5873 II.
865 5822 910 5850 ”
943 5821 1226 5875 γοήσηιιος
1389 5821 1434 5852 ’³
1626 5836 1700 5875 ιιι.
1734 5822 1962 5875 ascriot.
1998 5822 2065 5875 ad
2099 5838 2270 5875 mare.
2307 5820 2471 5875 βάθος
2502 5815 2740 5870 ἱππικῶν
2776 5815 3073 5875 ταγμάτων
3097 5813 3158 5868 τὸ
3193 5813 3501 5875 ἐλάχιστον.

1509 5837 1535 5874 il

233 5823 276 5854 "
309 5821 706 5892 αἰχμαλώτισαι
731 5822 787 5873 II.
848 5822 910 5892 _"
943 5821 1226 5892 χρήσημος
1254 5821 1311 5875 Β.

234 5892 281 5925 ⁸⁸
314 5891 816 5961 ἐπιπροσθοοῦντας
847 5890 907 5943 Β.

1582 5857 1598 5875 .
1626 5836 1700 5876 ιιι.
1734 5822 1962 5892 ascript.
1998 5822 2065 5877 ad
2099 5838 2270 5892 marg.

2306 5820 2471 5891 βάθος
2502 5815 2740 5870 ἱππικῶν
2776 5815 3073 5884 ταγμάτων
3097 5813 3158 5868 τὸ
3193 5813 3501 5882 ἐλάχιστον.
