4184 6440
189 439 321 499 1113
1370 453 1698 510 'I‘ACI‘lC-‘i-
1744 483 1810 491 --
1861 460 2252 522 APPENDIX.
3289 480 3426 542 ῑιιι

183 552 362 615 gem:
395 554 433 582 ’⁸⁸
473 570 563 603 του
596 556 838 615 τούλδου,
877 557 959 608 ἵνα
1000 557 1075 627 μὴ
1104 559 1208 610 τῶν
1244 561 1518 630 πολεμίων
1553 565 1613 614 ἐκ
1651 567 1753 618 τῶν
1793 569 2015 623 ὄπισθεν
2048 576 2152 634 τοῖς
2179 576 2675 645 ὀπισθοφυλακοῠσι
2697 585 3115 650 προσϐαλόντων
3167 593 3214 642 οἱ
3270 595 3327 644 ὲν
3357 595 3435 645 τῶ

182 646 384 714 το·3).δ‹ρ
447 649 911 711 κατατοξεύοιντο.
983 653 1047 704 'II
1102 655 1158 706 δὲ
1217 655 1535 724 σύμμετρος
1597 661 1753 726 τόξου
1833 665 1960 735 βολὴ
1997 671 2038 698 td
2072 672 2310 739 ὀργυιῶν
2364 675 2430 726 ἂν
2492 679 2576 744 εἴη
2622 679 2853 745 μάλιστα
2905 685 3099 736 ἑκατὸν
3146 647 3435 756 πεντηκονζ

183 741 335 806 ταὲξ,
381 742 490 795 τῶν
538 744 594 796 δὲ
640 745 832 798 ἁπλῶν
883 747 1121 817 ὀργυιῶν
1171 752 1521 820 καλουμένων
1567 757 1763 810 ἑκατὸν
1804 760 2174 833 ἐϐδομήκοντα
2228 768 2518 841 ἔγγισταῆ
2563 771 2622 824 τὸ
2696 772 2947 828 πλεῖστον
3004 781 3198 833 ἑκατὸν
3286 741 3437 851 δγδο-

184 845 405 909 ηκοντα.

187 935 440 988 ΚΕΦΑΛ.
472 933 692 988 ΝΓ¹.--
746 939 805 1032 "1;!
855 938 972 1032 χρὴ
1029 937 1278 1032 ποιῆσαι
1330 945 1760 1013 πολιορκούμε-

1931 950 2083 1003 CAP.
2142 949 2274 1004 LIII.
2304 983 2370 992 -—-
2396 954 2537 1020 Quid
2589 958 2658 1009 sit
2691 959 2814 1012 duci
2843 960 3052 1014 obsesso
3086 967 3364 1032 agendum.

610 1024 718 1059 νον
751 1008 790 1039 ¹⁷
823 1009 929 1059 τὼ·
969 1012 1332 1080 στρατηγόν.

251 1101 666 1171 Πολιορκεῖσθαι
721 1101 775 1152 δὲ
823 1101 974 1171 παρά
1009 1102 1118 1154 τῶν
1157 1103 1430 1173 πολεμίων
1487 1107 1515 1157 ὁ
1560 1123 1757 1175 στρατφ

178 1193 314 1262 ηγὸς
344 1192 699 1262 ὑφορώμενος
733 1193 941 1262 τροφάς
983 1196 1087 1262 πρὸ
1115 1194 1333 1247 πάντων
1386 1197 1763 1267 συγκομιζέτω

181 1286 316 1353 πρὸς
338 1287 559 1354 χρονίαν
616 1285 894 1355 ἀρκούσας
950 1285 1291 1356 πολιορκίαν,
1346 1291 1564 1358 τροφῶν
1603 1291 1656 1344 δὲ
1685 1291 1760 1361 μὴ

178 1378 426 1448 εὐπορῶν
485 1377 684 1431 ἱκανῶν
746 1379 872 1439 τοὺς
925 1379 1025 1447 μὲν
1070 1380 1316 1443 ἀσθενεῖς
1361 1383 1454 1434 καὶ
1496 1383 1758 1451 γέροντας

179 1469 378 1530 παῖδάς
405 1485 462 1520 τε
503 1468 544 1498 ⁸³
576 1469 669 1520 καὶ
719 1470 983 1535 γυναῖκας
1035 1471 1142 1540 πρὸ
1190 1471 1288 1539 τῆς
1333 1472 1440 1525 τῶν
1488 1473 1762 1541 πολεμίων

181 1562 372 1630 ἐφόδου
396 1564 452 1613 ὲν
473 1561 690 1632 ὀχυροῖς
710 1562 802 1614 καὶ
823 1561 1299 1625 ἀνεπιϐουλεύτοις
1323 1582 1562 1634 προεκπε
1574 1565 1763 1633 μπέτω

181 1656 408 1724 χωρίοις
436 1671 448 1684 ·
485 1656 579 1706 καὶ
609 1653 715 1724 πρὸ
750 1653 942 1706 τούτου
992 1654 1033 1684 ⁸⁸
1063 1655 1187 1715 τοὺς
1232 1655 1507 1718 ὑπόπτους
1535 1657 1762 1710 σπουδα-

181 1746 352 1809 ζέτωο
390 1740 507 1797 εἶτα
562 1747 688 1808 τοὺς
723 1744 1082 1807 πιστοτάτους
1109 1749 1226 1809 ταῖς
1263 1748 1361 1817 τῆς
1420 1747 1628 1810 πόλεως
1665 1751 1762 1817 ἑφ-

185 1838 392 1890 ιστάτω
423 1839 644 1902 πύλαις,
672 1837 921 1906 φύλακάς
970 1855 1028 1890 τε
1067 1837 1142 1907 μὴ
1181 1841 1305 1901 τοὺς
1336 1840 1532 1901 αὐτοὺς
1566 1842 1620 1892 ἐν
1651 1844 1761 1901 τοῖς

178 1931 364 1993 αὐτοῖς
423 1932 511 1983 ἀεὶ
568 1931 752 1993 τόποις
811 1931 1003 2000 ἐχέτω,
1055 1931 1192 1994 ἀλλ’,
1233 1933 1280 1983 εί
1338 1931 1580 1994 δυνατὸν,
1640 1933 1760 1984 καθ’

179 2023 441 2091 ἑκάστην,
474 2021 522 2073 εἰ
555 2021 597 2074 δ’
617 2016 710 2074 οὖν
745 2025 889 2076 κατὰ
921 2023 1014 2074 δύο
1062 2024 1095 2093 ἢ
1126 2023 1221 2075 καὶ
1250 2025 1398 2094 τρεῖς
1425 2024 1484 2076 τὸ
1509 2025 1761 2075 πλεῖστον

96 2166 101 2174 ,
179 2116 395 2182 ἡμέρας
415 2114 782 2168 ὲναλλαττέτω
809 2114 897 2168 διά
925 2115 1025 2185 τὴν
1055 2114 1349 2185 προδοσίαν
1370 2131 1382 2144 ⁸
1429 2116 1662 2184 μάλιστα
1705 2116 1761 2167 δὲ

181 2209 240 2258 ὲν
272 2210 391 2269 ταῖς
444 2207 746 2277 χειμερίοις
773 2207 868 2260 καὶ
903 2206 1187 2276 ἀσελήνοις
1220 2206 1250 2276 ἢ
1284 2208 1378 2259 καὶ
1416 2208 1763 2277 ἑορτασίμους

1933 1101 2048 1156 Dux
2078 1110 2263 1157 autem
2295 1107 2465 1173 quise
2493 1108 2560 1160 ab
2597 1108 2844 1164 hostibus
2900 1089 3022 1166 esse
3075 1113 3436 1170 obsidendum

1861 1195 2102 1261 conjicit,
2152 1207 2278 1250 ante
2330 1199 2510 1250 omnia
2541 1200 2743 1253 cibaria
2773 1218 2868 1270 pro
2897 1203 3260 1259 diuturnitate
3289 1209 3438 1262 obsi-
3526 1265 3534 1275 ,

1860 1287 2039 1339 dionis
2072 1301 2393 1355 comparare
2427 1289 2627 1354 debet;
2666 1292 2810 1359 quod
2842 1293 2886 1346 si
2941 1311 3069 1349 vero
3109 1297 3438 1352 cibariorum

1860 1378 2135 1433 sufficiens
2158 1380 2313 1448 copia
2350 1395 2457 1433 non
2507 1393 2780 1450 suppetat,
2825 1384 3092 1450 inlirmos,
3125 1404 3304 1454 senes,
3351 1390 3437 1443 in-

1863 1469 2041 1524 Iautes
2084 1480 2137 1524 et
2196 1472 2450 1526 mulieres
2468 1481 2595 1526 ante
2627 1474 2803 1528 hostis
2835 1475 3125 1530 adventum
3164 1481 3216 1532 in
3238 1482 3436 1550 oppida

1859 1562 2109 1630 quaedam
2134 1565 2342 1618 munita
2368 1573 2420 1617 et
2451 1565 2688 1618 hostium
2719 1566 2935 1622 insidiis
2976 1569 3233 1637 impervia
3256 1582 3437 1627 trans-

1861 1656 2038 1708 mittat
2087 1665 2319 1725 oportet,
2398 1666 2454 1710 et
2501 1642 2973 1728 priussuspectos
3014 1661 3215 1730 ejicere
3252 1674 3437 1729 curet;

1860 1746 2056 1799 deinde
2082 1747 2597 1817 fidelissimiquique
2620 1749 2686 1802 ad
2718 1759 2907 1818 portas
2933 1752 3086 1807 urbis
3104 1755 3436 1810 collocandi:

1861 1837 2162 1890 cavendum
2219 1846 2398 1891 tamen
2427 1854 2493 1892 ne
2535 1840 2694 1893 iidem
2725 1842 2980 1896 custodes
3034 1844 3089 1896 in
3141 1844 3333 1898 iisdem
3367 1846 3441 1899 lo-

1862 1927 1939 1980 cis
1969 1942 2184 1996 semper
2245 1940 2522 1993 maneant,
2565 1929 2680 1994 sed,
2725 1931 2770 1983 si
2826 1930 2939 1984 fieri
2973 1942 3171 2001 potest,
3207 1935 3440 2004 singulis

1863 2020 2076 2079 diebus,
2112 2029 2206 2072 aut
2229 2021 2418 2074 saltem
2439 2031 2555 2089 post
2585 2025 2723 2076 duos
2743 2023 2825 2077 vel
2876 2033 2986 2078 tres
3009 2025 3127 2079 dies
3159 2033 3440 2082 transmu-

1865 2112 2010 2165 tandi
2039 2123 2182 2176 sunt,
2207 2114 2528 2180 proditionis
2552 2130 2715 2168 causa
2750 2134 2763 2168 :
2797 2131 2891 2184 per
2919 2127 3106 2173 noctes
3138 2122 3440 2188 praesertim

1865 2205 2148 2267 hiemales,
2181 2204 2446 2258 obscuras
2469 2215 2562 2258 aut
2587 2205 2809 2261 festivas
2835 2206 3242 2266 fiantcustodia:
3273 2229 3439 2282 quam

181 2300 332 2364 νυξὶν
353 2301 766 2369 ἀσφαλεστάτας
809 2301 890 2352 ὃτι
928 2299 1164 2368 μάλιστα
1215 2297 1474 2350 ποιείσθω
1523 2300 1621 2361 τὰς
1654 2316 1755 2366 φυ-

1865 2298 2097 2350 maxime
2119 2312 2326 2350 securae
2355 2315 2368 2350 ε
2405 2297 2456 2350 id
2481 2299 2625 2351 enim
2657 2298 3004 2366 insidiarum,
3035 2311 3095 2356 ut
3117 2302 3436 2372 plurimum,

180 2393 352 2455 λακάς
374 2409 388 2423 ο
437 2395 465 2445 ὁ
509 2392 620 2460 γάρ
666 2393 767 2462 τῆς
797 2391 1090 2461 ἐπιϐουλῆς
1133 2391 1324 2462 καιρὸς
1353 2385 1508 2452 οὗτός
1540 2391 1688 2443 ἐστιν
1716 2391 1760 2420 ‘°

183 2488 262 2548 ὼς
319 2487 412 2538 ἐπὶ
478 2487 539 2538 τὸ
591 2485 864 2538 πλεῖστον.
929 2485 1041 2554 Τὴν
1074 2483 1261 2553 μέντοι
1299 2482 1531 2552 δύναμιν
1561 2484 1617 2534 ὲν
1649 2485 1764 2546 τοῖς

178 2579 625 2649 ὲπιμαχωτέροις
672 2577 779 2630 τῶν
827 2577 1056 2647 τειχέων
1098 2577 1139 2607 ¹¹
1202 2575 1631 2645 παρεκτεινέτω,
1665 2576 1761 2627 καὶ

180 2673 352 2741 ἄλλην
385 2672 441 2723 δὲ
489 2671 660 2740 ὲχέτω
697 2669 819 2738 μεθ’
861 2668 1055 2722 ἑαυτοῦ
1092 2669 1185 2722 ἐπὶ
1204 2668 1281 2738 τῷ
1322 2667 1574 2738 βοήθειαν
1611 2668 1764 2737 εὐχε-

187 2763 296 2831 ρῶς
329 2762 591 2832 παρέχειν
622 2762 701 2831 τῷ
732 2761 995 2830 κάμνοντι
1048 2761 1226 2831 μέρει.
1258 2761 1366 2813 Καὶ
1391 2761 1526 2830 πρὸς
1555 2761 1764 2824 τούτοις

177 2852 249 2905 δι’
272 2851 546 2918 ἀλλαγίων
569 2851 694 2915 τούς
720 2868 780 2903 τε
819 2851 1036 2921 νύκτωρ
1087 2852 1183 2903 καὶ
1216 2853 1343 2914 τοὺς
1386 2851 1504 2920 μεθ’
1551 2853 1763 2921 ἡμέραν

181 2944 556 3010 πολεμοῦντας
605 2943 979 3009 διαναπαύειν,
1034 2944 1122 2996 ἵνα
1186 2943 1260 3013 μὴ
1307 2944 1375 2995 δι’
1417 2945 1766 3012 ὀλιγανδρίαν

179 3035 620 3104 ἀναγκαζόμενοι
655 3036 854 3098 τόπους
887 3037 952 3088 ὲκ
990 3036 1171 3088 τόπων
1219 3036 1472 3104 ἀμείϐειν
1494 3037 1538 3068 ³⁸
1569 3036 1766 3106 ῥᾳδίως

181 3135 280 3186 ὲπὶ
302 3135 402 3203 τὴν
431 3134 529 3202 τῆς
551 3135 758 3196 πόλεως
787 3133 1035 3204 φυλακὴν
1065 3133 1516 3204 ἀπαγορεύσωσιν
1529 3133 1578 3184 oi
1601 3149 1767 3203 στρα-

179 3228 397 3280 τιῶται.
428 3228 538 3296 Τῆς
569 3227 623 3278 δὲ
657 3226 970 3295 πολιορκίας
1002 3227 1312 3296 ἀρχομένης
1351 3226 1476 3296 ἤδη,
1497 3226 1601 3278 κᾶν
1627 3225 1766 3295 τάχα

182 3321 280 3372 καὶ
312 3317 530 3380 πλείους
565 3319 661 3370 καὶ
711 3318 1072 3387 ἀνδρειότεροι
1104 3319 1148 3349 ’³
1179 3316 1536 3386 τυγχάνωσιν,
1582 3319 1627 3367 οἱ
1668 3333 1764 3367 no-

183 3410 565 3480 λιορκούμενοι
595 3411 667 3480 μὴ
693 3410 850 3471 ἐκτὸς
879 3409 1103 3477 τειχέων
1150 3408 1582 3475 πολεμείτωσαν,
1610 3407 1655 3457 εἰ
1693 3408 1766 3474 μὴ

181 3505 294 3571 ἄρα
342 3502 573 3571 μεγίστη
620 3500 938 3567 κατεπείγει
971 3499 1015 3530 ’³
1065 3499 1278 3564 ἀνάγκη
1317 3498 1411 3549 καὶ
1441 3497 1501 3550 οὑ
1541 3496 1766 3550 δυνατόν

182 3600 307 3650 ἐστι
337 3596 382 3629 ³³
412 3596 536 3657 τοὺς
573 3594 666 3647 ἐπὶ
698 3593 810 3646 τῶν
860 3592 1087 3662 τειχέων
1123 3591 1362 3652 ἑστῶτας
1393 3590 1437 3620 ’⁸
1465 3589 1561 3650 τὰς
1594 3605 1763 3658 προσο

183 3688 464 3759 ἀγομένας
489 3685 896 3757 ἀποκρούεσθαι
924 3684 1191 3754 μηχανάς.
1213 3683 1357 3752 Πρὸς
1388 3683 1599 3744 τούτοις
1639 3683 1760 3751 μηδ’

182 3781 435 3850 ἀκαίρως
485 3779 607 3832 κατ’
651 3777 862 3848 ἐχθρῶν
889 3775 959 3829 τὰ
1005 3776 1132 3846 βέλη
1166 3776 1566 3844 πεμπέτωσανο
1603 3791 1762 3844 περι-

189 3874 457 3943 φρόνησιν
481 3872 591 3942 γάρ
633 3871 815 3932 αὐτοῖς
865 3871 1085 3939 ἐμποιεῖ
1130 3867 1260 3922 κενὰ
1312 3870 1408 3920 καὶ
1444 3868 1520 3938 μὴ
1565 3867 1763 3936 ἔνεργῆ

182 3965 536 4031 δεικνύμενα.
571 3965 678 4017 Καὶ
705 3965 772 4017 τὰ
799 3962 1171 4032 πλησιάζοντα
1197 3961 1253 4014 δὲ
1287 3963 1399 4023 τοῖς
1427 3961 1527 4030 τῆς
1559 3961 1762 4023 πόλεως

183 4058 368 4127 τείχεσ
395 4079 421 4110 ν
452 4057 769 4110 ἐκκοπτέτω
790 4057 981 4124 δένδρα
1009 4055 1102 4108 καὶ
1127 4055 1304 4108 πάντα
1335 4053 1761 4122 περιαναιρείτω

185 4153 466 4220 φραγμὸν,
493 4151 567 4214 ὡς
598 4148 664 4203 άν
700 4149 840 4219 μήτε
871 4148 1198 4217 κρύπτοιντο
1225 4145 1282 4196 ὲν
1304 4144 1489 4206 αὐτοῖς
1520 4144 1568 4195 οῑ
1601 4142 1761 4195 πολέ-

189 4264 306 4313 μιοι
367 4245 502 4314 μήτε
531 4242 640 4312 μὴν
687 4242 892 4311 τροφῆς
924 4239 1122 4292 σπάνιν
1152 4236 1366 4306 ἔχοντες
1395 4238 1510 4298 τοῖς
1560 4235 1625 4286 ὲκ
1657 4235 1766 4286 τῶν

1866 2397 2080 2457 tempus
2115 2407 2129 2454 ;
2163 2389 2348 2458 copias
2394 2389 2460 2444 ad
2491 2404 2776 2444 murorum
2807 2393 3071 2448 debiliora
3105 2393 3224 2449 loca
3253 2397 3442 2451 distri-

1867 2483 2016 2545 buat,
2052 2491 2276 2536 czeteras
2311 2497 2497 2536 secum
2532 2482 2730 2536 habeat
2768 2493 2827 2538 ut
2853 2483 3068 2540 facilius
3119 2488 3326 2542 auxilio
3369 2489 3442 2542 sit

1865 2558 2006 2644 parti
2050 2574 2356 2628 inelinanti.
2390 2573 2660 2628 Praeterea
2686 2589 2782 2630 eos
2812 2577 2903 2644 qui
2940 2587 3105 2632 noctu
3132 2587 3186 2631 et
3220 2594 3314 2634 eos
3345 2583 3438 2651 qui

1867 2668 1956 2721 diu
2006 2674 2385 2736 pugnaverunt
2423 2668 2851 2736 interquiescere
2875 2669 3120 2724 vicissim
3154 2671 3338 2738 faciat,
3373 2690 3440 2728 ne

1866 2767 2084 2828 propter
2115 2759 2355 2811 virorum
2387 2759 2761 2826 indigentiam,
2786 2762 2960 2815 locum
2980 2778 3075 2827 pro
3106 2763 3227 2819 loco
3258 2774 3442 2821 tenere

1866 2851 2064 2913 coacti,
2130 2852 2282 2906 urbis
2328 2853 2571 2906 custodia
2643 2854 2860 2908 facilius
2907 2855 3182 2914 deﬁciant.
3223 2857 3438 2928 Incepta

1864 2945 1972 3014 jam
2000 2946 2303 3007 obsidione,
2347 2948 2596 3013 quamvis
2633 2947 2770 3001 forte
2830 2947 3014 3016 plures
3043 2959 3096 3003 et
3145 2951 3438 3008 ferociores

1869 3038 2226 3101 sintobsessi,
2266 3047 2420 3091 extra
2452 3042 2648 3093 mmnia
2681 3056 2748 3094 ne
2776 3042 3113 3109 praelientur,
3151 3044 3259 3098 nisi
3320 3059 3438 3098 ma-

1869 3131 2014 3183 xima
2056 3141 2244 3200 urgeat
2279 3134 2576 3186 necessitas
2601 3173 2615 3197 ,
2655 3144 2749 3188 aut
2778 3150 2884 3189 non
2913 3137 2984 3190 sit
3039 3137 3301 3205 possibile
3322 3153 3439 3190 ma-

1869 3225 2060 3278 chinas
2109 3226 2277 3278 muris
2327 3226 2609 3280 advolutas
2639 3227 2905 3290 depellere
2932 3227 3062 3297 quin
3113 3229 3244 3282 foris
3283 3245 3439 3284 exea-

1869 3326 1974 3370 tur.
2007 3317 2230 3386 Insuper
2263 3317 2369 3370 tela
2403 3319 2454 3370 in
2487 3320 2671 3373 hostes
2705 3320 3014 3388 importune
3047 3321 3434 3388 nejaeiantur:

1867 3417 2240 3475 contemptum
2303 3408 2446 3460 enim
2498 3419 2759 3476 generant
2826 3410 2929 3464 tela
2986 3410 3199 3464 inutilia
3274 3422 3435 3482 atque

1871 3502 2073 3555 inania.
2098 3501 2376 3556 Caedeudze
2402 3513 2582 3556 autem
2628 3505 2855 3558 arbores
2906 3507 3077 3559 muris
3127 3505 3391 3573 proxima:
3419 3546 3434 3569 ,

1871 3603 1924 3647 et
1959 3594 2247 3648 evellendze
2286 3609 2440 3663 sepes
2463 3611 2822 3664 quacunque,
2871 3610 2938 3650 ne
2964 3595 3104 3649 inter
3142 3611 3236 3649 eas
3275 3597 3438 3651 lates-

1869 3698 1997 3739 eant
2027 3687 2211 3740 hostes
2244 3687 2687 3740 autcibariorum
2723 3696 2944 3756 egentes
2963 3688 3220 3741 arborum
3250 3687 3438 3742 fructi-

1869 3777 1972 3831 bus
1998 3784 2310 3833 vescautur.
2338 3777 2461 3831 Sint
2521 3777 2781 3830 frumenti
2832 3777 3276 3847 cibariorumque
3320 3793 3440 3832 om-

1870 3868 2021 3921 nium
2051 3876 2104 3921 et
2145 3883 2300 3936 aquae
2334 3868 2517 3932 cellae;
2555 3868 2699 3936 quod
2728 3868 2770 3921 si
2801 3882 3068 3936 aquarum
3109 3877 3206 3926 aut
3241 3878 3439 3937 puteo-

1868 3974 1989 4012 rum
2014 3974 2120 4012 non
2137 3960 2208 4012 sit
2226 3959 2279 4011 in
2299 3958 2431 4011 urbe
2451 3958 2629 4026 copia,
2653 3959 2872 4013 vasibus
2901 3967 2954 4012 et
2981 3959 3232 4013 cisternis
3254 3966 3440 4027 potum

1870 4051 2127 4106 recondat
2169 4069 2183 4104 :
2217 4051 2524 4106 obsidionis
2559 4066 2778 4119 quoque
2831 4060 3076 4119 tempore
3136 4065 3300 4119 parce
3332 4066 3446 4105 me-

1874 4143 2052 4197 tienda
2077 4158 2216 4210 aqua
2268 4152 2600 4210 etperquam
2636 4140 2823 4196 sedulo
2848 4140 3152 4194 cavendum
3178 4155 3246 4194 ne
3275 4156 3306 4195 a
3349 4155 3446 4194 va-

1877 4236 2169 4289 lidioribus
2205 4235 2448 4304 tapiatur

185 4335 400 4405 δένδρω
474 4334 682 4401 ,αρποῖς
709 4330 1122 4400 ἀποτρέφοιντο.
1155 4327 1363 4397 Ταμίαι
1411 4326 1466 4378 δὲ
1494 4324 1588 4378 τοῦ
1617 4325 1763 4377 σίτου
1805 4327 1900 4377 καὶ
1922 4328 2031 4378 τῶν
2061 4328 2162 4379 ἀνὰ
2191 4329 2289 4396 τὴν
2326 4327 2479 4380 πόλιν
2517 4327 2810 4398 βρωσίμων
2844 4327 3062 4380 πάντων
3133 4327 3226 4380 καὶ
3283 4323 3451 4380 αὐτοῦ

185 4431 254 4502 δὴ
308 4429 402 4482 τοῦ
461 4428 651 4486 ὓδατος
711 4426 986 4482 εστωσαν
1043 4423 1109 4477 ἂν
1145 4423 1252 4494 ἄρα
1291 4421 1430 4474 κατά
1474 4422 1573 4491 τὴν
1637 4421 1792 4474 πόλιν
1828 4422 2092 4490 ὑδάτωνῆ
2159 4423 2254 4474 καὶ
2292 4424 2544 4494 φρεάτων
2600 4427 2675 4491 μὴ
2720 4423 2805 4492 εἴη
2832 4423 3106 4492 δαψίλεια,
3143 4422 3372 4492 δοχείοις
3395 4423 3454 4476 δέ

185 4542 299 4577 τισι
329 4523 421 4580 καὶ
453 4522 793 4590 κινστέρναις
824 4519 885 4572 τὸ
908 4518 1070 4571 ποτδν
1097 4518 1461 4589 περικλείοιτο
1484 4535 1496 4547 ·
1529 4518 1625 4587 τῆς
1655 4518 1761 4586 γὰρ
1838 4517 2157 4587 πολιορκίας
2216 4521 2308 4571 ἐπὶ
2359 4518 2612 4572 πλεῖστον
2662 4519 3071 4590 παραταθείσης
3137 4519 3450 4587 ἐπιμετρεῖ-

188 4618 316 4672 σθαι
360 4616 441 4668 δεῖ
493 4613 554 4666 τὺ
619 4612 761 4681 ὕδωρ
819 4612 911 4664 καὶ
974 4613 1032 4664 ὲν
1081 4612 1163 4663 ὅτι
1205 4609 1437 4680 πλείστῃ
1496 4608 1768 4679 ἀσφαλείᾳ
1805 4605 1963 4674 εἶναι,
1991 4609 2067 4674 ὡς
2106 4609 2170 4663 ἂν
2237 4611 2310 4680 μὴ
2357 4611 2553 4680 ῥᾳδίως
2598 4611 2703 4663 ὑπὸ
2771 4610 2880 4663 τῶν
2919 4609 3284 4681 ίσχυροτέρων
3356 4611 3453 4680 άρο

186 4711 421 4772 πάζοιτο
445 4709 512 4762 ’⁷.

260 4804 406 4874 Πρὸς
452 4803 634 4872 μέντοι
665 4801 766 4865 τάς
798 4799 951 4869 παρά
998 4799 1108 4852 τῶν
1153 4798 1428 4870 πολεμίων
1481 4798 1762 4868 ἐπαγομέ-

1945 4799 2143 4853 Contra
2205 4812 2333 4853 vero
2375 4797 2658 4852 machinas
2716 4795 2892 4850 muris
2946 4795 3014 4849 ab
3053 4793 3307 4850 hostibus
3360 4794 3452 4848 ad-

186 4916 284 4957 νας
315 4897 361 4928 ³⁸
389 4899 500 4959 τοῖς
528 4895 732 4965 τείχεσι
759 4893 1008 4963 μηχανάς
1045 4892 1195 4946 τόνδε
1241 4892 1331 4944 τδν
1383 4891 1584 4962 τρόπον
1636 4890 1762 4944 ἀνθ-

1875 4901 2074 4954 motas,
2098 4891 2206 4943 isto
2235 4887 2396 4942 modo
2410 4886 2608 4942 armari
2639 4893 2856 4955 oportet
2880 4902 2894 4938 :
2919 4883 2987 4938 Et
3013 4883 3233 4954 quidem
3261 4890 3456 4938 contra

185 4989 518 5045 οπλιστέονο
570 4987 716 5058 Πρὸς
767 4985 866 5056 μὲν
917 4987 1043 5047 τοὺς
1095 4985 1202 5038 ἀπὸ
1256 4984 1365 5036 τῶν
1423 4983 1762 5053 πετροϐόλων

1880 4983 2090 5052 lapides
2121 4978 2526 5048 catapultarum
2561 4991 2664 5045 ope
2690 4975 2948 5040 emissos,
2984 4973 3398 5043 suspendantur
3427 4988 3467 5026 ο

187 5083 442 5151 ὀργάνων
480 5083 576 5133 καὶ
602 5078 902 5132 ἑλεπόλεων
925 5078 1254 5148 ἀφιεμένους
1289 5079 1333 5110 ²⁹
1358 5077 1544 5141 λίθους
1566 5078 1762 5132 κιλίκιο

1881 5086 2164 5129 murorum
2197 5069 2438 5125 externis
2481 5065 2910 5137 propugnaculis
2968 5063 3148 5119 cilicia
3184 5063 3266 5118 vel
3293 5062 3460 5130 pelles

191 5173 307 5226 τῶν
338 5171 716 5244 προμαχὼνων
739 5171 782 5203 ³⁸
809 5170 1236 5241 ὲκκρεμαννύτω
1263 5169 1358 5223 τοῦ
1388 5169 1600 5238 τείχους
1621 5169 1762 5232 ἐκτὸς

1881 5169 2050 5222 boum
2113 5178 2307 5220 recens
2360 5161 2765 5217 excoriatorum
2813 5167 2876 5213 ut
2940 5158 2999 5212 in
3031 5157 3187 5213 sinus
3242 5154 3460 5209 facilius

191 5268 226 5335 ἦ
259 5265 463 5337 βύρσας
501 5265 764 5335 νεοδὸρων
805 5263 943 5333 βοῶν
975 5263 1114 5332 πρὸς
1133 5263 1194 5317 τὸ
1221 5261 1551 5316 κολποῦσθαι
1573 5263 1762 5324 ταύτας

1884 5267 2170 5323 caventur,
2239 5258 2326 5313 vel
2377 5255 2539 5310 etiam
2606 5253 2753 5324 ligna
2817 5263 3079 5322 tanquam
3127 5249 3233 5305 tela
3290 5248 3460 5302 inter-

1493 5400 1729 5456 VARIE
1789 5392 2200 5455 LECTIONES.

270 5543 316 5576 "
347 5541 632 5608 ἀφίξονται
672 5540 733 5595 Β.
831 5541 874 5572 ¹⁶
916 5539 1049 5594 Ead.
1085 5555 1158 5594 m.
1207 5539 1433 5608 ascript.
1484 5537 1549 5592 ad
1583 5551 1754 5606 marg.
1792 5536 2118 5604 Σύμμετρος
2161 5530 2314 5595 τόξου
2373 5526 2537 5610 βουλή
2591 5524 2761 5650 fsic‘z.
2806 5594 2816 5605 ⁸
2859 5522 2902 5553 ⁸⁷
2931 5517 3356 5591 πολιορκόμενον
3398 5518 3459 5597 B:

277 5615 470 5650 ενι-τεν
499 5614 559 5650 ινδ
590 5613 627 5650 n
727 5613 769 5646 η
796 5609 922 5650 wn"
999 5611 1135 5650 ρηλρ-
1170 5609 1397 5650 τηνιτηιη
1431 5609 1569 5650 Tum
1611 5615 1733 5650 ηηςι
1784 5608 2066 5650 ὑπόπτους
2126 5618 2235 5650 non
2271 5599 2466 5650 dubito
2512 5613 2644 5650 dum
2739 5602 2846 5650 esu
2884 5593 3114 5647 verbum
3155 5588 3459 5650 exnellendt

201 5615 246 5647 η
277 5588 647 5677 παῖξαίἷῖἱῇ
675 5588 769 5646 ’λ’
794 5588 1753 5681 rorC'gpig‘zaaétig."—i~a&."pas?
1784 5588 2066 5681 οπὲτὶτοιξς
2098 5588 2252 5681 ἰιριῐ
2271 5588 2466 5681 dglijto
2491 5588 2846 5681 .t‘iui‘nndesjt
2879 5588 3114 5681 veritum
3131 5588 3461 5681 emensum

199 5657 944 5759 ‘instr'tlctttnt..:"5
1439 5657 1462 5663 —
1483 5657 1758 5759 ίίῖτᾷχων
1792 5657 2123 5759 bieﬁuidem
2298 5657 3460 5759 tfgqpoﬁﬁ'ewuB;migvépﬁtgpm

1020 5731 1313 5825 videtur
1327 5731 1784 5825 πολιορκοῦντες.⁵
1812 5731 1839 5732 Π
1874 5731 1938 5825 ξδ’
1957 5743 2255 5825 κατεπείγη
2297 5731 2428 5825 (sic)
2598 5739 2663 5820 _"
2681 5731 3274 5825 ut
3295 5731 3465 5825 ‘33:"

199 5803 404 5889 ξᾷξίὶί
424 5803 628 5876 ’πλὴν
647 5803 1285 5903 mar-ginenivtotiusloei
1323 5819 1349 5891 §
1374 5803 1511 5903 1:8:
1538 5822 1650 5873 hac
1674 5803 1838 5903 verba
1856 5818 2130 5903 leguntur
2164 5803 2424 5903 singulis;
2445 5809 2646 5903 litteris
2674 5808 2846 5903 alter:
3051 5803 3276 5858 alteram
3310 5803 3460 5869 1⁵0⁵1⁸

203 5873 318 5951 ηδ’.
356 5895 668 5966 Σημείωσαι
705 5873 853 5947 τοδττ
892 5893 1010 5946 ὅλον
1040 5893 1098 5945 τὸ
1132 5873 1349 5962 χωρίονῗ
1412 5891 1474 5968 ,η
1496 5889 1828 5959 ὲπιγομὲνσς
1856 5873 1956 5946 ιι.”
1992 5887 2036 5917 ’θ
2063 5883 2358 5954 ἀφιμένους
2386 5879 2447 5934 Β·
2567 5881 2612 5911 ³⁰
2649 5876 2943 5948 προμάχων
2977 5873 3013 5925 Β
