4184 6440
758 450 897 515 1115

2022 446 2295 507 LEONIS
2326 446 2784 506 PHILOSOPHI

3884 445 4018 509 me

755 580 901 626 texta
943 570 1084 640 (qua
1131 567 1360 622 Romani
1393 579 1592 622 vorant
1637 564 1865 638 pontilal
1906 582 1917 617 :
1953 577 2145 618 contra
2193 579 2324 618 vero

2435 563 2632 634 ῥαδίως
2687 565 2718 632 ἢ
2781 562 2911 628 ξύλα
2962 563 3387 633 συνηρμοσμένα
3421 562 3493 622 ὡς
3519 560 4018 630 ῦφασμαίπόντιλα

754 663 989 717 arietum
1045 662 1184 714 ictus
1252 659 1357 715 sub
1413 668 1601 713 coacta
1665 655 1990 711 densissima
2032 664 2125 708 aut
2192 657 2336 710 sacci

756 753 910 823 palea
943 751 1020 804 \el
1050 764 1211 802 arena
1246 748 1452 808 referti.
1498 748 1697 804 Contra
1751 747 2053 801 testudines
2080 757 2340 813 paremur

757 846 940 898 trahes
975 841 1295 895 acutissimo
1330 842 1474 895 ferro
1515 840 1829 893 desinentes
1873 852 1995 906 qua!
2051 835 2230 888 infixa:
2258 836 2337 888 al-

759 938 866 989 tilts
908 951 1004 989 eas
1059 934 1317 988 facillime
1352 933 1720 997 subvertant;
1772 932 1864 1000 pix
1922 943 2140 1000 quoque
2175 928 2226 982 in
2259 937 2338 983 te-

752 1025 999 1082 atndines
1015 1026 1261 1081 mittatur
1276 1026 1352 1079 vel
1379 1025 1682 1095 plumbum,
1699 1035 1749 1078 et
1769 1033 2060 1092 utrumque
2082 1020 2334 1085 bulliens,

752 1121 833 1174 vel
868 1120 1028 1185 ignis.
1064 1121 1144 1173 vel
1178 1119 1485 1187 gravissimi
1547 1117 1753 1187 lapides
1810 1116 2059 1170 machina
2107 1114 2333 1169 demissi

755 1220 808 1264 et
836 1210 1018 1263 statim
1070 1223 1288 1263 sursum
1318 1208 1571 1279 projeeti.
1609 1208 1811 1262 Contra
1835 1207 2013 1261 scalas
2051 1204 2221 1259 muris
2241 1219 2336 1273 op-

751 1303 957 1371 positas
994 1310 1046 1355 et
1096 1316 1191 1355 eos
1254 1302 1346 1370 qui
1396 1309 1599 1356 temere
1660 1299 2028 1356 conscendere
2075 1304 2332 1362 tentant,

754 1393 957 1460 lapides
1000 1390 1109 1444 sint
1153 1391 1393 1446 molares
1431 1389 1857 1460 propugnaculis
1908 1389 2197 1457 juneorum
2231 1400 2335 1455 ope

750 1483 952 1553 alligati
977 1492 1072 1537 aut
1116 1483 1259 1552 ligna
1290 1482 1595 1551 gravissimi
1639 1480 1897 1549 ponderis
1928 1479 2182 1533 similiter
2204 1494 2332 1549 pro-

750 1574 1073 1644 pugnaculis
1108 1574 1350 1642 alligata.
1384 1572 1476 1625 sed
1529 1571 1769 1641 oblique,
1840 1580 1893 1625 et
1932 1571 2019 1640 pix
2049 1579 2102 1625 et
2151 1572 2331 1626 oleum

747 1678 802 1721 et
839 1667 980 1730 telis,
1012 1682 1126 1734 qua:
1151 1665 1411 1719 ferventia
1461 1664 1512 1719 in
1567 1666 1744 1719 scalas
1800 1664 2171 1718 effundantur.
2228 1662 2330 1717 Sed

749 1768 940 1811 contra
981 1765 1165 1811 turres
1196 1756 1407 1825 ligneas
1438 1771 1559 1825 qua
1594 1756 1966 1827 cylindrorum
2004 1770 2105 1824 ope
2163 1755 2334 1809 muris

749 1851 1107 1905 admoventur
1140 1860 1192 1902 et
1226 1865 1252 1902 a
1283 1849 1494 1903 taeticis
1544 1857 1805 1903 vocantur
1839 1864 2112 1919 mosynes,
2168 1863 2332 1917 expe-

2438 653 2610 707 ταῦτα
2660 656 2922 723 Ῥωμαῖοι
2974 654 3249 715 καλοῦσι),
3307 655 3443 723 προς
3496 655 3549 706 δὲ
3597 655 3692 716 τὰς
3746 656 3855 708 ἀπὸ
3907 656 4018 709 τῶν

2440 746 2611 817 κριῶν
2682 748 2919 817 ἐμϐολὰς
2982 747 3112 799 πῖλα
3173 746 3215 779 ³⁸
3285 750 3570 817 παχύτατα
3619 749 3711 799 καὶ
3775 751 4015 811 σάκκους

2438 841 2642 911 ἀχύρου
2696 844 2926 910 μεστοὺς
2982 841 3015 911 ἧ
3064 841 3249 910 ἄμμου
3270 857 3283 870 ·
3316 840 3451 909 πρὸς
3470 841 3525 893 δὲ
3549 841 3645 903 τὰς
3672 841 4015 907 καλουμένας

2438 930 2677 1002 χελώνας
2705 932 2796 983 καὶ
2852 933 3043 993 δοκοὺς
3096 930 3553 993 κατασκευαζέτω
3596 932 3725 1001 περὶ
3753 932 3814 984 τὸ
3846 932 4015 1002 ἀκρον

2438 1023 2680 1093 ὀξυτάτῳ
2715 1022 2917 1094 σιδήρῳ
2960 1024 3387 1094 ὲστομωμένας·
3444 1023 3856 1094 ἐμπηγνύμενω
3905 1025 4015 1092 γὰρ

2437 1108 2582 1168 οῦτοι
2614 1116 2813 1187 ῥαδίως
2839 1117 3010 1179 αὑτὰς
3037 1117 3400 1185 ἀνατρέπουσι
3427 1130 3439 1144 ·
3486 1116 3580 1168 καὶ
3610 1118 3777 1169 πίσσα
3811 1118 3865 1171 δὲ
3895 1120 4015 1181 ταῖς

2438 1210 2756 1280 εἰρημέναις
2802 1209 3166 1279 προσαγέσθω
3221 1209 3538 1279 χελῶναιςῆ
3576 1210 3823 1280 μόλιϐδος
3849 1212 3942 1263 καὶ
3969 1211 4012 1241 ³⁸

2437 1302 2605 1373 ἄμφω
2643 1302 2983 1371 καχλάζοντα
3034 1301 3067 1373 ἢ
3118 1302 3227 1373 πῦρ
3259 1302 3290 1372 ἢ
3320 1302 3411 1355 καὶ
3434 1302 3569 1355 λίθοι
3605 1303 3901 1371 βαρύτατοι
3925 1304 4013 1356 διὰ

2440 1397 2691 1465 μηχανῆς
2715 1393 3026 1463 καθιέμενοι
3060 1395 3151 1447 καὶ
3183 1396 3343 1458 εὐθὺς
3392 1395 3745 1465 ἀνιμὼμενοι.
3785 1396 3924 1461 Πρὸς
3957 1396 4013 1448 δὲ

2433 1487 2531 1550 τάς
2580 1487 3029 1558 προσφερομένας
3078 1489 3191 1550 τοῖς
3237 1488 3441 1557 τείχεσι
3505 1487 3778 1555 κλίμακας
3832 1487 3865 1556 ἢ
3919 1488 4013 1539 καὶ

2432 1577 2559 1638 τοὺς
2623 1576 2913 1647 προπετῶς
2942 1576 3263 1647 πλησιάζειν
3311 1579 3493 1640 αὐτοῖς
3525 1576 3842 1645 τολμῶντας
3876 1577 4013 1628 λίθοι

2438 1668 2655 1736 μυλικοὶ
2688 1667 2809 1721 καθ’
2842 1668 3074 1723 ἕκαστον
3131 1668 3471 1738 προμαχῶνα
3506 1670 3760 1738 σχοινίοις
3816 1668 4011 1720 ἀποδε-

2432 1759 2646 1829 δεμένοι
2707 1760 2803 1813 καὶ
2857 1758 2990 1825 ξύλα
3041 1759 3322 1831 βαρύτατα
3368 1761 3480 1823 τοῖς
3542 1759 3870 1829 προμαχῶσι
3920 1760 4013 1811 καὶ

2433 1852 2603 1907 ταῦτα
2632 1851 3029 1923 προσδεδεμένα
3057 1853 3327 1923 ὲγκάρσια
3345 1852 3387 1884 ³³
3412 1853 3504 1904 καί
3536 1853 3700 1905 πίσσα
3720 1854 3813 1905 καὶ
3838 1853 4013 1904 ἔλαιον

747 1942 829 1995 dit
868 1951 1089 2011 torques
1146 1942 1265 1995 illos
1306 1943 1584 2010 paravisse
1633 1942 1724 2009 qui
1779 1940 2039 2009 liquidum
2075 1941 2330 1995 emittunt

2435 1946 2527 1998 καὶ
2572 1944 2729 2013 τῆλις
2784 1945 2975 2009 ζέοντα
3006 1943 3182 1997 πάντα
3213 1945 3307 1997 καὶ
3335 1947 3454 2007 ταῖς
3481 1944 3803 2014 εἰρημέναις
3837 1962 4011 2013 προσ-

750 2037 927 2102 ignem
970 2034 1120 2085 illum
1155 2046 1316 2101 quem
1351 2032 1515 2100 vulgo
1544 2032 1781 2085 celerem
1819 2032 2102 2085 nominant
2130 2041 2177 2085 et
2213 2032 2330 2086 chi-

749 2126 1095 2193 rosiphones,
1154 2139 1293 2194 quos
1327 2139 1500 2192 nuper
1535 2123 1869 2193 excogitavit
1903 2121 2101 2177 Nostra
2135 2122 2329 2188 Maies-

752 2226 860 2279 tas,
910 2226 965 2271 et
992 2224 1177 2272 turres
1198 2224 1463 2287 praaterea
1500 2232 1563 2270 ex
1599 2216 1829 2269 adverso
1855 2216 2138 2279 lateribus,
2166 2216 2329 2285 lignis

750 2316 845 2359 aut
868 2305 1142 2374 lapidibus
1168 2312 1493 2365 exstructas,
1540 2312 1594 2356 et
1636 2303 1936 2371 quamlibet
1967 2305 2244 2357 materiem
2275 2304 2328 2359 in

746 2397 929 2452 medio
953 2406 1327 2465 exaggeratam
1360 2404 1413 2449 et
1430 2394 1610 2449 statim
1635 2394 1939 2448 incensum.
1967 2394 2168 2450 Contra
2192 2413 2328 2466 quo-

746 2504 857 2558 que
896 2489 1137 2543 hostium
1183 2487 1504 2543 eﬂ‘ossiones
1539 2486 1764 2556 figenda:
1792 2489 2065 2557 suspectis
2105 2491 2158 2543 in
2195 2490 2330 2545 locis

746 2582 915 2652 virgae
944 2594 1129 2643 aeneae,
1173 2589 1271 2633 aut
1303 2579 1623 2649 apponenda
1656 2588 1810 2634 scuta
1855 2582 1936 2633 vel
1970 2594 2097 2635 vasa
2130 2582 2331 2651 pariter

747 2688 897 2728 aenea
924 2688 1157 2740 quorum
1184 2673 1416 2741 strepitu
1456 2682 1688 2740 pateant
1717 2671 2043 2728 eﬂ‘ossiones
2071 2691 2084 2738 ;
2120 2683 2332 2743 Oportet

746 2766 912 2819 etiam
966 2779 1132 2833 quam
1181 2763 1670 2835 profundissimam
1719 2764 1921 2819 fossam
1970 2774 2097 2821 ante
2144 2782 2332 2822 muros

750 2853 949 2922 aperiri
970 2864 1264 2924 utpateant
1290 2854 1476 2909 hostes
1504 2852 1847 2908 eﬂ‘odientes.
1878 2852 1919 2906 Ε
1949 2854 2169 2923 regione
2198 2870 2333 2923 quo-

747 2962 855 3015 que
883 2956 967 3001 est
992 2956 1047 3001 et
1069 2945 1433 3000 edodiendum
1462 2955 1516 2999 et
1539 2946 1960 3001 occurrentibus
1991 2945 2329 3015 implendum

747 3036 956 3089 dolium
1004 3036 1127 3105 pilis
1176 3044 1270 3089 aut
1312 3035 1539 3104 plumis,
1577 3044 1631 3090 et
1666 3036 1791 3105 igne
1827 3037 2076 3090 immisso
2102 3051 2165 3091 os
2202 3035 2330 3093 dolii

748 3143 855 3182 are
888 3126 954 3181 ad
1007 3128 1182 3181 instar
1220 3127 1391 3181 cribri
1429 3126 1705 3195 perforato
1754 3129 2116 3182 ohtnrandum
2177 3139 2230 3184 et
2264 3129 2331 3183 ad

2431 2038 2664 2107 χεόμενα
2696 2036 2741 2067 ³⁸
2774 2036 2998 2105 κλίμαξι
3020 2051 3033 2065 ⁸
3060 2040 3195 2108 πρὸς
3230 2040 3412 2107 μέντοι
3445 2038 3567 2100 τοὺς
3596 2037 3681 2088 διὰ
3714 2036 4013 2105 κυλίνδρων

2431 2132 2543 2189 τοῖς
2569 2129 2769 2196 τείχεσι
2804 2128 3249 2198 προσαγομὲνους
3284 2127 3523 2193 ξυλίνους
3556 2127 3816 2196 πύργους,
3841 2126 3936 2190 οῦς
3965 2130 4011 2180 οί

2430 2221 2682 2275 τακτικοὶ
2715 2221 2949 2290 μόσυνας
2973 2222 3317 2289 ὀνομάζουσι,
3350 2220 3620 2272 λυσιτελεῖ
3658 2222 3726 2273 τὰ
3768 2220 4013 2290 στρεπτά

2432 2313 2748 2381 καλούμενα
2773 2311 2837 2364 τὰ
2867 2312 2956 2364 διὰ
2994 2312 3242 2381 μηχανῆς
3290 2311 3350 2364 τὸ
3401 2311 3567 2380 ύγρδν
3598 2311 3890 2379 πέμποντα
3918 2311 4011 2378 δη-

2430 2402 2564 2472 λαδὴ
2594 2402 2703 2473 πῦρ
2728 2404 2794 2467 ³⁵,
2826 2402 2854 2455 ὃ
2909 2402 2971 2471 δὴ
3024 2401 3119 2454 καὶ
3179 2401 3432 2473 λαμπρὸν
3463 2402 3613 2471 παρά
3646 2404 3760 2463 τοῖς
3797 2401 4014 2464 πολλοῖς

2430 2496 2777 2564 ὀνομάζεται,
2820 2496 2913 2548 καὶ
2940 2494 3006 2547 τὰ
3032 2494 3299 2564 λεγόμενα
3328 2496 3711 2564 χειροσίφωνα,
3744 2494 3891 2563 ἅπερ
3922 2493 4015 2546 νῦν

2431 2589 2464 2658 ἡ
2496 2587 2742 2657 βασιλεία
2777 2587 2934 2659 ἡμῶν
2963 2588 3245 2655 ἐπενόησε.
3274 2587 3369 2639 καὶ
3405 2587 3605 2655 πύργοι
3638 2588 3773 2657 πρὸς
3805 2589 4016 2645 τούτοις

2433 2682 2481 2734 οί
2516 2680 2803 2733 κατέναντι
2860 2680 3040 2733 αὐτῶν
3093 2678 3387 2749 ὑψούμενοι
3418 2679 3589 2742 λίθοις
3631 2680 3661 2748 ἢ
3710 2680 3952 2744 πλίνθοις
3980 2680 4015 2749 ἢ

2435 2769 2633 2834 ξύλοις,
2672 2769 2765 2820 καὶ
2814 2768 2913 2838 ὕλη
2967 2767 3202 2821 παντοία
3252 2771 3308 2821 ἐν
3350 2766 3426 2836 τῷ
3459 2765 3661 2837 μεταξὺ
3694 2768 3847 2836 τόπῳ
3879 2784 4014 2835 συμ-

2434 2860 2734 2929 φορηθεῖσα
2769 2860 2863 2910 καὶ
2901 2857 3040 2928 μετὰ
3085 2857 3285 2927 μικρὸν
3323 2857 3616 2925 ἑξαφθεῖσα
3644 2872 3657 2885 ·
3688 2857 3827 2926 πρὸς
3860 2857 3917 2911 δὲ
3949 2858 4017 2911 τὰ

2435 2952 2584 3023 παρά
2606 2952 2714 3005 τῶν
2742 2950 3018 3020 πολεμίων
3069 2951 3361 3021 ὀρύγματα
3400 2950 3630 3019 ῥάϐδους
3659 2951 3871 3021 χαλκᾶς
3892 2953 3937 2984 ³⁸
3960 2954 4018 3005 ἐν

2435 3045 2547 3103 τοῖς
2576 3041 2841 3104 ὑπόπτοις
2895 3042 3000 3111 χρὴ
3057 3042 3436 3112 καταπήσσειν
3480 3044 3685 3107 τόποις,
3724 3042 4018 3113 ἧάσπίδας

2435 3131 2688 3192 τοιαύτας
2713 3131 2745 3200 ἣ
2775 3131 3003 3193 πυέλους
3028 3130 3331 3183 ἐπιτιθέναι
3352 3148 3365 3161 ·
3392 3130 3599 3201 φανερὰ
3628 3132 3735 3201 γὰρ
3764 3132 3911 3185 οῦτω
3930 3133 4017 3185 διά

750 3218 937 3273 hostes
961 3217 1282 3272 vertendum
1306 3226 1359 3271 et
1383 3217 1514 3272 dolii
1536 3217 1707 3271 fundo
1735 3218 2012 3288 perforato
2041 3220 2332 3275 continuos

2435 3222 2531 3275 τοῦ
2564 3221 2773 3274 κτύπου
2817 3221 2887 3273 τὰ
2937 3220 3227 3292 ὀρύγματα
3259 3222 3411 3275 ἔσται
3432 3236 3449 3253 ⁸
3491 3223 3590 3275 καὶ
3626 3222 3840 3293 τάφρον
3861 3223 3918 3277 δὲ
3940 3223 4020 3276 δεῖ

748 3316 1006 3376 tanquam
1045 3308 1183 3361 fabri
1229 3309 1484 3362 machina
1538 3306 1697 3362 ﬂatus
1744 3308 2133 3373 excitandum;
2171 3307 2331 3364 facile

2437 3312 2545 3382 πρὸ
2573 3311 2681 3364 τῶν
2714 3311 2910 3381 τειχῶν
2940 3312 3248 3382 βαθυτάτην
3294 3313 3574 3383 ὀρύττειν·
3612 3316 3706 3367 καὶ
3727 3316 3877 3369 οὕτω
3909 3317 4019 3385 γὰρ

748 3402 951 3455 etenim
988 3402 1039 3453 vi
1072 3400 1205 3455 fumi
1239 3416 1270 3455 e
1302 3400 1425 3469 pilis
1474 3400 1586 3455 nati
1621 3403 1808 3456 hostes
1843 3417 1873 3456 a
1919 3410 2129 3457 secreta
2168 3401 2330 3457 effos-

750 3492 910 3547 sione
938 3491 1391 3562 prohibebuntur.
1426 3492 1689 3548 Preterea
1731 3508 1956 3548 necesse
2011 3504 2095 3548 est
2122 3508 2217 3563 per
2252 3493 2332 3548 fe-

752 3580 967 3639 nestras
993 3583 1157 3654 vulgo
1188 3584 1401 3653 ignotas
1430 3584 1711 3654 inopinato
1740 3584 1793 3637 in
1823 3582 2333 3639 machinasirruere

748 3686 874 3727 eum
927 3673 1164 3727 maxima
1227 3672 1443 3743 urgebit
1491 3674 1811 3739 necessitas,
1860 3684 1953 3728 aut
1984 3673 2091 3729 alio
2133 3673 2330 3743 quovis

750 3764 914 3818 modo
935 3772 992 3818 ιιι
1021 3764 1513 3834 suadebuntcopia:
1542 3775 1635 3820 aut
1662 3774 1822 3837 coget
1849 3764 2334 3822 necessitasbosti-

753 3856 853 3910 bus
879 3871 939 3912 se
976 3872 1274 3927 opponere.

2434 3406 2770 3472 καταφανεῖς
2826 3406 2874 3457 οί
2932 3405 3002 3458 τὰ
3074 3404 3364 3474 ὀρύγματα
3423 3405 3705 3469 ποιοῦντες
3760 3408 4018 3477 πολέμιοι

2435 3496 2670 3551 ἔσονται.
2702 3497 2795 3549 Δεῖ
2844 3495 2901 3549 δὲ
2942 3496 3035 3549 καὶ
3066 3495 3418 3566 ἀντορύττειν
3459 3499 3552 3551 καὶ
3593 3498 4020 3571 ύπαντήσαντας

2436 3588 2595 3642 πίθον
2622 3587 2785 3650 εὐθὺς
2812 3588 2985 3640 πίλων
3010 3586 3042 3654 ἢ
3066 3587 3287 3660 πτερῶν
3319 3588 3600 3659 ιμπλῆσαι
3630 3591 3725 3644 καὶ
3764 3590 3883 3661 πῦρ
3917 3593 3989 3660 ὲμ.

2440 3680 2627 3735 ϐαλεῖν
2659 3679 2809 3750 αύτῷ
2830 3680 2926 3733 καὶ
2973 3679 3036 3733 τὸ
3100 3679 3199 3749 μὲν
3249 3682 3424 3750 στόμα
3453 3680 3642 3753 χαλκῷ
3674 3699 4019 3753 κατατετρη-

2445 3771 2594 3841 μένῳ
2621 3770 2877 3824 κοσκίνου
2906 3771 3065 3840 δίκην
3086 3771 3347 3839 ἀσφαλῶς
3374 3772 3832 3842 περικλείσαντας
3861 3774 4019 3828 τοῦτο

2448 3862 2547 3933 μὲν
2600 3860 2675 3926 ὡς
2727 3864 2865 3933 πρδς
2913 3863 3039 3925 τοὺς
3075 3863 3365 3932 πολεμίους
3418 3864 3638 3935 τρέψαι,
3679 3865 3774 3918 τὸν
3817 3866 3875 3920 δὲ
3923 3865 4017 3920 τοῦ

751 3950 912 4002 πίθου
937 3949 1189 4021 πυθμένα
1239 3951 1282 3985 ³⁷
1333 3949 1736 4022 διατρήσαντας
1765 3952 1907 4007 οὕτω
1934 3953 1999 4023 δὴ
2024 3953 2211 4007 λοιπὸν
2237 3953 2326 4008 διὰ
2368 3953 2641 4024 μηχανῆς,
2666 3952 2743 4018 ὡς
2776 3955 2824 4007 οί
2854 3954 3099 4024 χαλκεῖς,
3126 3953 3304 4021 φύσας
3366 3957 3605 4027 συνεχῶς
3654 3961 4013 4027 προσφέρειν·

753 4043 930 4111 ῥᾷστα
953 4041 1063 4112 γὰρ
1084 4042 1171 4095 διὰ
1207 4042 1308 4113 τὴν
1328 4042 1394 4096 ἑκ
1419 4043 1516 4097 τοῦ
1546 4043 1755 4098 καπνοῦ
1788 4045 1897 4099 τῶν
1934 4043 2110 4098 πίλων
2132 4044 2505 4115 δριμύτητακ
2536 4046 2584 4096 οί
2621 4043 2868 4113 πολέμιοι
2902 4042 3188 4112 φεύξονται
3253 4042 3347 4097 τοῦ
3422 4045 3677 4115 ὀρύσσειν
3746 4048 4011 4100 ἐπιλαθό-

754 4150 926 4203 μενοι.
988 4135 1081 4186 Δεῖ
1135 4134 1192 4187 δὲ
1233 4134 1369 4205 πρὸς
1413 4135 1624 4200 τούτοις
1673 4136 1768 4190 καὶ
1812 4137 1901 4191 διά
1937 4137 2179 4190 πυλίδων
2210 4139 2323 4199 τοῖς
2362 4136 2575 4198 πολλοῖς
2624 4134 2917 4202 ἀγνώστων
2951 4135 3370 4206 ἀπροσδοκήτως
3402 4139 3519 4200 ταῖς
3558 4143 3833 4208 μηχαναῖς
3900 4143 4017 4194 επι-

751 4227 993 4280 τίθεσθαι
1030 4228 1294 4298 μεγίστης
1341 4230 1694 4301 ἐπικειμένης
1746 4231 1990 4301 ἀνάγκης
2052 4231 2086 4301 ἢ
2148 4232 2243 4283 καὶ
2306 4229 2509 4301 τρόπον
2548 4229 2738 4298 ἕτερον
2795 4231 2908 4293 τοῖς
2948 4230 3231 4301 πολεμίοις
3281 4231 3791 4297 ἀντικαθίστασθαι,
3855 4234 3933 4298 ὡς
3980 4235 4013 4303 ἡ

751 4318 980 4387 δύναμις
1009 4320 1235 4373 ἀπαιτεῖ
1253 4320 1455 4392 δηλαδὴ
1482 4321 1575 4378 καὶ
1608 4324 1642 4392 ἡ
1671 4323 1831 4394 χρεία
1854 4321 2181 4392 παρακαλεῖ.

822 4428 979 4483 CAP.
1040 4428 1173 4484 LIV.
1197 4461 1267 4471 —
1294 4432 1433 4497 Quid
1470 4434 1628 4502 faciet
1646 4436 1756 4488 dux
1782 4434 1953 4490 hostes
1983 4435 2254 4490 obsidens.

2438 4428 2692 4484 ΚΕΦΔΛ.
2726 4426 2849 4481 NA'.
2915 4459 2983 4468 —
3054 4430 3115 4481 τί
3178 4428 3419 4495 ποιήσει
3466 4429 3809 4498 πολιορκῶν
3874 4434 4014 4498 τοῖος

2831 4500 3158 4565 πολεμίους
3196 4502 3227 4551 ό
3260 4502 3616 4566 στρατηγός.

823 4585 965 4641 Ante
995 4586 1179 4644 omnia
1209 4598 1429 4658 oportet
1468 4591 1659 4645 ducem
1711 4591 2052 4647 obsidentem
2102 4593 2329 4650 remissa

2504 4589 2611 4642 Τὸν
2656 4552 3048 4659 πολιορκοῦντα
3092 4552 3173 4643 δεῖ
3215 4552 3522 4659 στρατηγόν
3568 4552 3769 4660 πρῶτα
3817 4594 3920 4661 μὲν
3955 4594 4015 4645 τὴ

752 4678 1070 4733 omnimode
1101 4680 1416 4734 conﬁrmari
1486 4689 1560 4743 et,
1608 4681 1766 4737 sicuti
1831 4685 2009 4753 capite
2070 4686 2331 4755 vigesimo

754 4769 998 4827 secundo
1015 4771 1200 4837 posuit
1234 4771 1432 4829 Nostra
1463 4771 1739 4839 Maiestas,
1770 4776 2069 4831 concedere
2103 4776 2174 4830 ab
2196 4777 2333 4831 urbe

754 4863 821 4920 ad
859 4863 971 4917 duo
1024 4875 1083 4921 ut
1126 4864 1362 4921 maxime
1413 4865 1685 4931 milliaria,
1737 4868 2022 4921 minimum
2053 4879 2233 4923 autem
2265 4871 2332 4924 ad

754 4967 880 5011 octo
900 4956 1075 5011 stadia
1107 4975 1120 5011 :
1147 4972 1359 5028 semper
1395 4957 1541 5013 enim
1575 4960 1938 5016 terribilioros
1964 4961 2328 5018 obsidentium

754 5049 927 5117 copia
952 5065 982 5105 ο
1016 5048 1177 5118 longe
1198 5060 1504 5117 conspecta
1516 5052 1768 5111 hostibus
1794 5054 2069 5121 videntur,
2107 5063 2163 5110 et
2194 5071 2333 5126 prae-

756 5138 947 5195 sertim
976 5153 1042 5193 ne
1070 5137 1395 5195 deturbetur
1440 5140 1530 5195 illa
1578 5141 1856 5197 exercitus
1902 5159 2032 5213 pars
2080 5160 2204 5215 qua
2242 5161 2332 5202 re-

757 5227 1039 5296 quiescere
1093 5228 1328 5287 obtinuit
1380 5248 1395 5286 :
1450 5231 1650 5289 milites
1714 5248 1746 5289 ο
1804 5232 2120 5295 fortissimis
2166 5253 2330 5307 quam

760 5319 1006 5387 proxime
1058 5322 1121 5374 ad
1154 5322 1342 5376 urbem
1370 5323 1671 5378 collocandi
1732 5326 1798 5380 ad
1845 5329 2217 5389 obsistendum
2244 5347 2331 5385 re.-

761 5409 998 5478 pentinis
1032 5411 1269 5466 hostium
1305 5414 1643 5479 incursibus,
1678 5417 1914 5471 maxime
1952 5434 2083 5473 vero
2115 5422 2332 5491 prandii

762 5513 1029 5570 tempore.
1072 5503 1359 5561 Exercitus
1405 5505 1458 5559 in
1502 5514 1687 5574 partes
1739 5508 2016 5571 dividatur
2046 5521 2103 5567 et
2136 5514 2333 5583 cuique

763 5593 901 5659 parti
938 5609 1037 5648 sua
1061 5594 1409 5669 assignentur
1434 5596 1633 5659 cilicia,
1665 5613 1732 5654 ne
1754 5614 1943 5657 omnes
1985 5602 2144 5659 simul
2173 5604 2335 5661 dimi-

2429 4680 2707 4750 ἀπληκτον
2752 4681 3023 4745 παντοίως
3076 4680 3534 4749 ἑξασφαλίζεσθαι
3593 4683 3685 4735 καὶ
3735 4686 3922 4737 ὁποῖον
3959 4688 4016 4737 ὲν

2430 4772 2509 4843 τῷ
2546 4770 2629 4831 κβ¹
2665 4773 2948 4843 κεφαλαίῳ
2980 4774 3014 4842 ἡ
3044 4772 3288 4843 βασιλεία
3313 4773 3469 4843 ἡμῶν
3492 4772 3777 4838 διετάξατο
3805 4777 4015 4829 ἀποκα-

2433 4864 2624 4935 θιστᾷν
2672 4864 2849 4934 διέχον
2891 4865 2991 4935 τῆς
3040 4864 3250 4926 πόλεως
3302 4865 3424 4919 δυσὶ
3475 4866 3708 4935 μάλιστα
3750 4867 4012 4937 μιλίοιςῆ

2433 4954 2580 5010 ὀκτὼ
2620 4956 2859 5021 σταδίοις
2881 4958 3261 5027 τούλάχιστον⁸
3307 4957 3658 5027 φοϐερώτερα
3687 4961 3797 5027 γὰρ
3833 4960 3922 5013 ἀεὶ
3949 4960 4017 5013 τὰ

2433 5051 2541 5106 τῶν
2605 5050 3039 5121 πολιορκούντων
3099 5053 3213 5114 τοῖς
3272 5051 3550 5121 πολεμίοις
3591 5051 3743 5105 δοκεῖ
3773 5051 4015 5120 μήκοθεν

2434 5144 2816 5213 καθορώμενα,
2850 5143 3026 5207 ἄλλως
3078 5161 3139 5197 τε
3199 5144 3291 5198 καὶ
3312 5145 3397 5197 ἵνα
3425 5144 3499 5213 μὴ
3535 5144 3782 5211 ἀκαίρως
3812 5146 3872 5196 ιν
3895 5146 4017 5206 ταῖς

2436 5235 2763 5307 προσῦολαῑς
2814 5234 3111 5305 θορυϐῆται
3163 5235 3206 5272 ³³
3248 5235 3309 5288 τὸ
3353 5234 3791 5288 διαναπαύεσθαι
3850 5234 4016 5304 λαχὸν

2436 5327 2748 5398 στράτευμα
2769 5327 3141 5397 ἐστρατιῶτας
3162 5326 3219 5380 δὲ
3242 5327 3349 5379 τῶν
3364 5327 3758 5396 ἀνδρειοτάτων
3785 5326 4016 5394 ἔγγιστα

2433 5421 2535 5490 τῆς
2565 5421 2772 5482 πόλεως
2808 5420 3006 5490 μᾶλλον
3050 5420 3278 5487 ὲφιστᾷν
3334 5421 3426 5470 ἐπὶ
3474 5418 3551 5487 τῷ
3580 5419 3678 5480 τὰς
3704 5419 3855 5487 παρά
3905 5419 4015 5471 τῶν

2435 5518 2647 5590 ἐχθρῶν
2676 5518 2972 5587 αίφνιδίους
3015 5518 3060 5548 ⁸ο
3093 5515 3329 5570 κωλύειν
3376 5516 3673 5585 ἐπιδρομὰς
3724 5518 3821 5570 καὶ
3858 5518 4013 5585 μάλι-

2441 5629 2542 5665 στα
2585 5612 2715 5681 περὶ
2768 5611 2931 5667 αὑτὸν
2986 5610 3078 5663 τὸν
3124 5610 3219 5663 τοῦ
3272 5609 3493 5677 ἀρίστου
3540 5611 3766 5680 καιρόν·
3808 5612 3909 5681 τὴν
3957 5609 4012 5663 δὲ

2046 5717 2277 5774 ἻΑΒΙιΕ
2318 5720 2722 5781 LECTIONES.

769 5866 807 5899 υ
840 5796 883 5829 ⁸⁸
907 5798 1048 5899 grtia
1081 5799 1140 5854 Β.
1219 5804 1263 5837 ³⁸
1295 5804 1389 5856 καὶ
1409 5804 1955 5863 delendntnvidetnr.
2031 5809 2074 5841 ³⁸
2099 5811 2404 5883 ἀεγκάρσια
2438 5816 2495 5872 Β.
2576 5818 2619 5849 ³⁸
2660 5819 2999 5888 προγεόυιενα
3021 5819 3080 5875 Β.

842 5883 897 5899 ι».
946 5886 977 5899 η
1018 5887 1074 5899 ,1.-
1105 5871 1140 5899 n
1238 5876 1281 5899 an
1317 5875 1623 5899 :A_.-_-',____
1665 5878 1702 5899 η
1802 5881 1844 5899 ι,
1876 5879 1925 5899 Α,
1954 5896 1966 5899 -
2012 5880 2141 5899 ’-νη
2202 5882 2237 5899 n
2332 5886 2373 5899 ι-
2450 5889 2462 5899 .
2581 5888 2623 5899 -.
2757 5879 2797 5899 .-
2866 5872 2876 5890 ³

842 5866 1079 5937 πιθμένα
1105 5871 1161 5926 ll.
1238 5876 1281 5907 ³⁸
1312 5875 1628 5948 δρυμύτητα
1665 5878 1723 5932 η.
1801 5881 1844 5914 ⁸⁸
1875 5866 2258 5951 θορυδεῐταίιί.
2280 5866 2291 5883 ’
2330 5866 2729 5959 "ra—ismon
2838 5866 2876 5890 τ’

3200 5821 3244 5853 ³⁸
3282 5820 3469 5889 πυρῶν
3499 5817 3557 5874 Β.
3637 5818 3683 5852 ⁸⁸
3706 5819 3913 5890 χαλκᾶς
3950 5820 4009 5873 Β.
