4184 6440
151 399 288 464 1117

1318 401 1648 460 ΤΑΕΤΙΟᾹ.
1682 427 1748 435 -
1775 405 1816 459 Α
1832 403 2178 467 PPENDIX.

3285 404 3419 468 1113

147 510 406 579 στρατιὰν
465 510 541 571 εἰς
578 510 811 576 ἀλλαγια
861 510 1232 578 καταμερίσαι
1273 508 1489 577 ἑκάστῳ
1522 526 1579 560 τε
1631 513 1722 562 τά-

1836 517 2137 571 cantes.ab
2202 515 2488 568 obsidione
2539 516 2816 571 lassentur
2857 517 3090 571 facilius.
3151 517 3410 586 Maiorem

143 619 312 670 γματι
341 601 438 670 τὴν
488 603 698 655 οἰκείαν
729 601 994 664 ἀποτάξαι
1045 601 1255 671 χρείαν,
1287 601 1361 663 ὡς
1410 601 1475 653 ἂν
1508 602 1581 668 μὴ
1615 603 1722 654 ἀπὸ

146 694 277 763 μιᾶς
314 693 677 762 πολεμοῦντες
728 693 926 756 πάντες
961 693 1157 762 ῥᾳδίως
1208 693 1345 764 πρὸς
1376 693 1475 761 τὴν
1507 695 1721 764 πολιορ-

146 785 267 838 κίαν
295 786 737 856 ἀπαγορεύσωσι.
775 787 1015 855 Στρατὸν
1044 785 1100 837 δὲ
1152 786 1249 838 σὺν
1276 784 1423 855 αύτῴ
1472 785 1723 838 πλεῖστον

141 879 167 929 ὁ
192 877 498 945 στρατηγὸς
524 875 663 944 ἔχων
695 878 790 929 καὶ
820 879 1034 944 νύκτωρ
1054 876 1149 928 καὶ
1179 877 1299 945 μεθ’
1334 877 1550 946 ἡμέραν
1583 876 1724 929 κατὰ

140 968 394 1038 διαδοχὴν
429 967 724 1032 ἀπαύστως
757 969 983 1022 ποιείτω
1015 968 1114 1031 τὰς
1146 967 1453 1039 προσϐολὰς
1484 969 1580 1021 καὶ
1617 968 1724 1038 μά-

142 1059 301 1108 λιστα
328 1059 384 1109 ἐν
412 1058 590 1124 νυκτὶ,
620 1061 707 1112 ὅτε
738 1060 802 1129 δὴ
831 1060 923 1111 καὶ
955 1060 1011 1111 αἱ
1039 1060 1328 1129 ἐπιδρομαὶ
1355 1059 1495 1114 κατά
1523 1060 1654 1111 πολὺ
1680 1058 1723 1088 ⁶¹

144 1148 516 1220 φοϐερώτεραι
557 1154 668 1214 τοῖς
720 1151 1199 1222 πολιορκουμένοις
1237 1152 1504 1216 δοκοῦσιν,
1551 1152 1726 1214 ἄλλως

141 1261 198 1294 τε
226 1247 322 1294 καὶ
359 1245 463 1296 ὑπὸ
491 1244 599 1297 τῶν
655 1244 893 1312 συνεχῶν
924 1243 1239 1314 προσϐολῶν
1268 1244 1504 1306 ἀνέσεως
1535 1243 1727 1312 καιρὸν

145 1337 219 1403 μὴ
244 1336 457 1404 ἔχοντες
481 1337 530 1387 oi
550 1336 798 1404 πολέμιοι
833 1337 925 1389 καὶ
955 1337 1043 1389 διὰ
1073 1335 1231 1388 τοῦτο
1259 1336 1363 1388 ὑπό
1391 1354 1451 1389 τε
1478 1336 1659 1388 κόπων
1682 1337 1725 1366 ⁸³

144 1428 247 1479 ὑπό
287 1445 344 1480 τε
381 1429 686 1496 ἀγρυπνίας
713 1427 1172 1497 κατειργασμένοι
1206 1430 1380 1497 ῥᾷστα
1411 1428 1476 1481 ἂν
1506 1429 1599 1479 καὶ
1628 1427 1724 1498 τὴν

144 1519 299 1570 πρλιν
323 1521 416 1573 καὶ
435 1519 572 1586 σφᾶς
607 1519 805 1581 αὐτοὺς
832 1519 1141 1588 παραδοῖεν.
1178 1521 1432 1589 Ἀριστον
1453 1518 1508 1571 δὲ
1528 1519 1584 1570 ἐν
1614 1536 1726 1571 τει-

143 1612 384 1680 χομαχίᾳ
430 1610 488 1661 τὸ
532 1612 711 1662 πᾶσαν
740 1610 875 1680 ὁμοῦ
905 1612 1234 1681 προσφέρειν
1261 1612 1540 1681 μηχανήψ
1577 1612 1632 1662 οἵ
1666 1629 1725 1663 τε

143 1704 323 1754 τοίνυν
375 1702 586 1766 τοξόται
641 1704 735 1755 καὶ
776 1704 1089 1757 ἀκοντισταὶ
1141 1703 1442 1772 χαλαζηδὺν
1500 1703 1570 1755 τὰ
1597 1703 1723 1772 βέλη

145 1797 285 1849 κατὰ
318 1795 427 1849 τῶν
461 1797 560 1857 τὰς
609 1795 867 1859 ἐπάλξεις
903 1799 946 1829 ⁸³
991 1797 1304 1868 τηρούντων
1334 1798 1722 1866 πεμπέτωσαν,

1831 609 2111 658 exercitus
2163 623 2349 660 secum
2413 608 2621 662 habens
2671 621 2875 677 partem
2935 611 3045 664 dux
3079 611 3195 679 ipse
3252 623 3412 665 noctu

1825 695 2029 763 diuque
2087 698 2328 751 vicissim
2406 699 2527 754 sine
2576 701 2984 754 intermissione
3041 703 3324 770 impetum,
3362 712 3416 755 et

1827 789 1878 840 in
1904 790 2092 857 primis
2127 805 2223 857 per
2283 801 2500 846 noctem
2559 793 2744 854 faciat,
2795 809 2881 846 eo
2915 794 3122 847 scilicet
3173 802 3416 863 tempore

1826 896 1934 949 quo
1970 883 2331 937 terribilior-es
2395 886 2638 940 obsessis
2684 886 2936 938 videntur
2988 889 3363 953 aggressiones
3395 929 3413 953 ,

1824 975 2096 1041 prmeipue
2127 975 2294 1028 etiam
2331 986 2389 1029 ut
2417 979 2698 1034 continuis
2747 979 3044 1046 impetibus
3135 979 3363 1034 lacessiti
3397 1020 3412 1043 ,

1828 1064 2282 1133 remissionisque
2324 1075 2541 1135 tempus
2573 1086 2680 1123 non
2719 1071 2986 1125 habentes
3043 1077 3098 1125 et
3136 1071 3414 1127 laboribus

1824 1167 1877 1211 et
1930 1158 2128 1226 vigiliis
2165 1158 2319 1212 fracti
2377 1162 2565 1213 urbem
2629 1164 2812 1216 hostes
2863 1172 2914 1218 et
2943 1164 3157 1230 seipsos
3196 1163 3412 1218 facilius

1825 1250 2046 1304 dedant.
2097 1248 2382 1318 Optimum
2421 1269 2549 1305 vero
2601 1263 2685 1306 est
2718 1255 2770 1308 in
2830 1256 3209 1310 obsidiOnihus
3253 1271 3414 1310 omne

1825 1342 2206 1395 machinarum
2239 1359 2412 1411 genus
2458 1346 2746 1398 adhibere.
2811 1344 3094 1415 Sagitta'rii
3124 1348 3312 1415 itaque
3352 1356 3408 1400 et

1820 1433 2154 1503 jaculatores
2191 1435 2242 1487 in
2288 1437 2824 1503 propugnaculorum
2881 1440 3135 1494 custodes
3167 1441 3409 1496 telorum

1826 1521 2055 1576 imbrem
2100 1525 2420 1588 immittant,
2471 1529 2669 1581 arietes
2704 1541 2923 1595 quoque
2962 1542 3151 1584 muros
3193 1529 3410 1590 feriant,

1824 1624 1878 1670 et
1937 1616 2031 1682 qui
2090 1618 2142 1669 in
2193 1618 2556 1672 testudinibus
2613 1628 2743 1672 sunt
2801 1634 3084 1672 murorum
3135 1618 3413 1686 perforent

1829 1708 2215 1772 l'undamenta;
2248 1711 2412 1762 scala:
2437 1713 2600 1762 etiam
2635 1711 2930 1764 aﬂerantur
2967 1727 3086 1780 qua:
3104 1712 3265 1780 lignis
3295 1727 3414 1764 ere-

1826 1800 1929 1851 etis
1961 1799 2228 1865 itnposit;e
2270 1801 2444 1854 muris
2472 1803 2802 1856 annulorum
2837 1817 2938 1870 ope
2975 1805 3407 1867 admoveantur;

145 1890 238 1939 καὶ
269 1891 317 1940 οἱ
353 1889 496 1956 κριοὶ
545 1887 612 1939 τὰ
657 1890 810 1958 τείχη
834 1888 1218 1954 -τυπτέτωσαν,
1261 1891 1355 1942 καὶ
1404 1892 1451 1941 οί
1495 1891 1552 1940 ὲν
1608 1891 1722 1950 ταῖς

1830 1891 1923 1958 qui
1954 1901 2135 1946 autem
2169 1904 2294 1947 sunt
2333 1894 2383 1944 in
2423 1895 2665 1947 turribus
2690 1894 2881 1963 ligneis
2915 1896 3286 1963 cylindrorum
3311 1910 3413 1964 ops

142 1981 404 2047 χελώναις
429 1979 692 2041 ὡσαύτως
715 1980 838 2042 τοὺς
861 1978 1146 2047 θεμελίους
1169 1979 1624 2048 ὑπορυττέτωσαν
1655 1980 1720 2032 ⁸⁵.

143 2073 237 2123 καὶ
269 2073 324 2123 αἱ
358 2073 625 2141 κλίμακες
653 2070 1117 2142 προσαγέσθωσαν
1161 2070 1340 2135 ξύλοις
1369 2071 1569 2140 ὀρθίοις
1599 2072 1723 2122 ἐπι·-

144 2165 396 2232 κείμεναι
445 2166 540 2216 καὶ
567 2163 654 2216 διὰ
707 2162 919 2232 τροχῶν
948 2162 993 2193 ⁸⁸
1019 2165 1131 2225 τοῖς
1168 2162 1369 2232 τείχεσι
1409 2163 1721 2234 προσπελά-

142 2255 353 2318 ζουσαι,
391 2258 483 2308 καὶ
537 2256 585 2309 οἱ
641 2255 734 2308 ἐπὶ
789 2254 897 2306 τῶν
931 2253 1155 2318 ξυλίνων
1199 2255 1254 2306 δέ
1308 2254 1531 2323 πύργων
1563 2256 1606 2286 ⁸⁸
1635 2255 1723 2307 διὰ

141 2346 443 2416 κυλίνδρων
497 2345 759 2409 ὡσαύτως
802 2348 914 2409 τοῖς
967 2346 1168 2415 τείχεσι
1216 2347 1618 2412 πλησιάσαντες
1665 2345 1722 2410 ἐξ

142 2437 476 2508 ὑπερδεξίων
501 2438 851 2507 βαλλέτωσαν
874 2456 886 2468 ·
921 2439 1016 2492 καὶ
1047 2440 1098 2490 οἱ
1131 2439 1229 2508 μὲν
1263 2439 1410 2507 κριοὶ
1443 2439 1496 2489 οἵ
1537 2455 1595 2490 τε
1636 2437 1724 2501 ξύ-

140 2529 277 2579 λινοι
337 2529 537 2598 πύργοι
588 2528 816 2600 βύρσαις
863 2528 1125 2598 νεοδόρων
1175 2527 1314 2596 βοῶν
1356 2531 1722 2599 περιφραγκί-

124 2619 379 2681 σσθωσαν,
413 2620 467 2670 αἱ
502 2617 558 2670 δὲ
594 2617 826 2686 χελῶναι
859 2617 1016 2688 πηλῷ
1060 2617 1461 2688 διαχρίσθωσαν
1489 2620 1528 2649 ⁸⁷
1583 2620 1724 2671 ἄνω-

140 2712 253 2772 θεν,
288 2712 383 2762 καὶ
414 2710 642 2777 σπόγγοι
669 2709 723 2762 δὲ
749 2707 861 2772 ὄξει
904 2709 1179 2779 διάϐροχοι
1210 2709 1256 2740 ⁸³
1287 2711 1514 2772 ταύταις
1543 2711 1722 2762 ἐπιτι-

141 2800 423 2852 θέσθωσαν
471 2800 669 2863 ἔξωθεν
703 2801 1025 2871 (ἀποτρέποι
1056 2805 1164 2870 γὰρ
1197 2802 1263 2854 ἂν
1293 2802 1334 2832 ⁵⁹
1369 2801 1429 2853 τὸ
1480 2801 1598 2864 ὄξος
1626 2802 1724 2870 τὴν

139 2891 232 2944 τοῦ
270 2893 440 2961 πυρὸς
465 2894 664 2962 ἐρωὴν,
700 2893 937 2962 μάλιστα
975 2893 1068 2946 τοῦ
1095 2892 1262 2963 ὑγροῦ
1293 2893 1626 2962 καλουμένου
1653 2895 1719 2957 ⁸ο,

140 2986 231 3034 τόν
262 3001 322 3035 τε
352 2985 703 3053 ἐπιχεόμενον
743 2985 991 3053 μόλιϐδον
1030 2985 1064 3055 ἦ
1099 2987 1301 3038 πίσσαν
1331 2986 1363 3054 ἢ
1413 2987 1723 3055 βρασσόμε-

141 3092 231 3126 νον
265 3075 443 3127 έλαιον
469 3076 550 3127 ὅτι
583 3076 818 3144 τάχιστα
862 3076 1175 3130 σῦέννυσιδί
1208 3076 1298 3129 τοῦ
1333 3075 1522 3138 ὓδατος
1553 3093 1723 3145 προσ-

1829 1986 1896 2038 ad
1925 1986 2124 2040 muenia
2155 1987 2393 2039 admotis
2455 1987 2688 2053 desuper
2710 1987 2892 2053 jaeula
2926 1987 3169 2039 mittant.
3196 1986 3411 2039 Arietes

1829 2085 2008 2129 autem
2043 2087 2095 2129 et
2129 2087 2306 2129 turres
2363 2077 2506 2142 ligna
2551 2077 2784 2143 pellibus
2815 2077 2978 2130 boum
3026 2091 3218 2131 ret-ens
3247 2090 3410 2130 exeo-

1829 2168 2093 2220 riatorum
2166 2166 2520 2233 supervestiri
2608 2167 2842 2229 debent,
2917 2167 3219 2220 testudines
3280 2181 3410 2219 vero

1831 2259 1961 2311 limo
1981 2258 2214 2326 desuper
2256 2259 2441 2326 inungi
2473 2268 2526 2311 et
2559 2260 2802 2311 exterius
2831 2259 3077 2327 spongiis
3109 2267 3263 2311 aceto
3296 2273 3412 2310 tua-

1829 2347 1971 2400 didis
2020 2347 2433 2414 cireumoperiri
2483 2363 2496 2398 :
2540 2353 2754 2398 acetmn
2800 2345 2943 2398 enim
3001 2345 3106 2397 vim
3158 2343 3302 2413 ignis
3357 2352 3412 2396 et

1831 2441 2130 2507 praesertim
2204 2439 2326 2509 ejus
2383 2439 2476 2507 qui
2537 2438 2778 2506 liquidus
2831 2438 3028 2490 dicitur
3083 2444 3136 2489 et
3197 2439 3410 2504 liquens

1829 2532 2110 2599 plumbum
2151 2539 2204 2584 et
2225 2531 2398 2598 picem
2436 2541 2489 2583 et
2513 2532 2692 2582 oleum
2748 2531 2965 2582 fervens
3018 2527 3189 2581 multo
3215 2528 3410 2581 melius

1829 2634 1970 2685 aqua
2003 2620 2174 2672 elfusa
2212 2619 2527 2686 restinguit.
2565 2617 2872 2672 Jubeantur
2890 2633 3110 2686 quoque
3143 2619 3410 2686 sagittarii

1825 2709 2274 2777 iaculatoresque
2317 2718 2370 2764 et
2399 2710 2694 2777 petrobola:
2714 2711 2956 2764 universi
3013 2711 3192 2777 ignem
3247 2724 3409 2776 quam

1831 2800 2340 2870 frequentissimum
2393 2803 2444 2855 in
2494 2802 2733 2856 hostium
2767 2803 2960 2857 domos
3011 2817 3136 2855 cum
3169 2802 3292 2856 telis
3354 2809 3411 2855 et

1831 2893 2106 2960 lapidibus
2155 2895 2391 2948 servatis
2447 2894 2806 2948 validioribus
2851 2894 3027 2947 ventis
3116 2894 3405 2961 projicere.

1832 2985 2042 3048 Quibus
2071 2985 2329 3042 omnibus
2355 2985 2641 3039 industriis
2662 2986 2937 3054 perterriti
2991 2987 3174 3037 hostes
3213 2993 3266 3036 et
3287 2997 3410 3036 om-

1833 3077 1994 3131 nibus
2046 3078 2405 3147 desperantes
2435 3079 2614 3133 serius
2660 3077 2876 3130 tandem
2935 3077 3194 3146 Oppidum
3239 3085 3294 3130 et
3323 3089 3412 3129 se-

141 3166 443 3236 φερόμενον
499 3167 787 3237 μᾶλλον)’
847 3168 1275 3237 παραγγελλέτω
1328 3169 1374 3198 ⁸³
1449 3168 1506 3220 δὲ
1587 3169 1722 3220 πᾶσι

1833 3168 1983 3238 ipsos
2016 3169 2229 3223 tradent
2253 3178 2347 3222 aut
2376 3169 2530 3223 inviti
2550 3185 2579 3223 ο
2607 3168 3029 3238 prepugnaeulis
3059 3167 3408 3220 descendent.

140 3259 388 3321 cuidam;
443 3259 784 3321 ἀκοντισταῖς
843 3278 904 3312 τε
950 3262 1042 3314 καὶ⁸
1095 3259 1440 3330 πετροϐόλοις
1474 3259 1585 3331 πῦρ
1633 3261 1722 3314 διὰ

1828 3229 1996 3328 (ἱεριο
2022 3269 2202 3314 autem
2227 3261 2383 3329 juxta
2427 3259 2556 3314 belli
2606 3229 2752 3329 ieges
2783 3229 3031 3328 “oppido,
3063 3258 3409 3314 cuuetismi-

141 3350 253 3400 τῶν
287 3351 598 3420 ἀφιεμένων
658 3351 829 3420 βελῶν
864 3352 894 3422 ἢ
936 3352 1099 3404 λίθων
1132 3354 1245 3415 τοῖς
1288 3352 1398 3404 τῶν
1447 3351 1720 3421 πολεμίων

1828 3350 2003 3409 litibus
2038 3366 2134 3419 per
2178 3352 2530 3407 mandatores
2574 3351 2903 3406 denuntiare
2945 3351 3141 3405 ducem
3195 3358 3411 3417 oportet

142 3442 529 3511 καταπέμπειν
578 3443 845 3513 οἰκήμασι
880 3443 926 3474 ⁵³
970 3442 1334 3512 σφοδρότατον
1381 3442 1722 3511 ἐπιτηρήσα-

1828 3444 2055 3496 hostium
2080 3443 2196 3510 ipso
2227 3443 2488 3498 idiomate
2543 3451 2602 3497 ut
2636 3443 2849 3498 nullum
2869 3442 3071 3496 civium
3145 3444 3407 3496 inermem

146 3551 231 3586 σιν
257 3534 480 3604 ἄνεμον.
512 3534 612 3587 Διά
641 3537 747 3588 τῶν
780 3535 1087 3605 εἰρημένων
1125 3535 1308 3587 τοίνυν
1337 3533 1722 3604 στρατηγημά-

1828 3533 2084 3586 occidant
2120 3533 2215 3586 sed
2247 3547 2344 3587 eos
2383 3541 2595 3586 tantum
2649 3534 2742 3600 qui
2798 3533 2991 3588 armati
3047 3542 3140 3588 aut
3170 3532 3406 3602 gladium

143 3643 254 3678 των
284 3627 382 3689 τὰς
433 3625 610 3695 ψυχὰς
640 3625 718 3696 τῷ
779 3626 928 3697 φόίῳ
965 3625 1422 3691 κατασεισθέντες
1468 3631 1564 3682 καὶ
1613 3628 1722 3690 τοῖς

1828 3632 2109 3696 portantes
2171 3631 2509 3679 ocrurrent:
2551 3623 2640 3677 illa
2670 3623 2816 3677 enim
2852 3622 3034 3683 audita
3087 3623 3409 3687 monitione.

143 3719 288 3780 ὅλοις
318 3717 800 3788 ἀπαγορεύσαντες
846 3720 894 3770 οἱ
950 3717 1201 3787 πολέμιοι
1235 3718 1268 3788 ἢ
1305 3719 1406 3788 τὴν
1447 3720 1602 3772 πόλιν
1633 3718 1722 3773 καὶ

1830 3715 2004 3770 hostis
2033 3713 2268 3783 quisque
2297 3728 2450 3770 artua
2475 3715 2731 3782 deponet,
2769 3713 3036 3768 servitute
3062 3713 3294 3768 libenter
3322 3727 3411 3767 ae-

148 3809 288 3874 ςφᾶς
320 3807 515 3870 αὐτοὺς
542 3807 640 3874 ὀψέ
677 3823 806 3860 ποτε
856 3804 1270 3877 παραδώσουσιν
1300 3808 1332 3876 ἢ
1373 3806 1467 3859 καὶ
1501 3807 1722 3872 ἄκοντες

1828 3814 2007 3876 cepta,
2039 3814 2094 3860 et
2122 3806 2201 3860 sic
2221 3806 2504 3876 oppidum,
2535 3804 2861 3860 cedentibus
2889 3805 3270 3871 bellatoribus,
3292 3803 3412 3861 sine

143 3898 256 3950 τῶν
282 3897 560 3961 ἐπάλξεων
589 3898 982 3968 ἁποόήσονται.
1018 3897 1332 3967 Ληφθείσης
1363 3898 1544 3966 μέντοι
1569 3897 1722 3953 πολέ-

1832 3899 2077 3968 periculo
2108 3898 2213 3952 erit.
2243 3909 2488 3968 captum.

149 4007 251 4065 μου
275 3989 425 4058 νόμῳ
469 3989 566 4058 τῆς
591 3989 636 4020 ’δ
660 3989 868 4050 πόλεως
889 3987 1206 4042 διαλαλείτω
1229 3990 1364 4042 πᾶσι
1390 3990 1751 4060 στρατιώταις
1789 3989 1879 4045 διὰ
1933 3989 2299 4060 μανῶτὼρων
2342 3993 2371 4043 ὁ
2413 3993 2719 4060 στρατηγὸς
2755 3989 2894 4043 κατά
2932 3990 3030 4061 τὴν
3077 3989 3188 4044 τῶν
3255 3988 3412 4042 πολε*

147 4083 288 4139 μίων
341 4082 617 4136 διάλεκτον
643 4083 719 4146 ὡς
773 4084 848 4153 μή
897 4099 1020 4136 τινα
1067 4083 1174 4136 τῶν
1231 4083 1467 4136 πολιτῶν
1521 4085 1718 4138 ἄοπλον
1757 4084 1885 4137 ὄντα
1914 4084 2171 4149 κτείνειν,
2204 4087 2250 4136 εί
2288 4086 2362 4154 μή
2394 4085 2446 4138 τί
2495 4101 2558 4152 γε
2617 4085 2664 4116 ⁸⁸
2738 4084 3080 4153 ὡπλισμένος
3113 4085 3159 4115 ⁸⁸
3188 4101 3272 4146 τις
3320 4082 3408 4152 εἴη

146 4172 242 4224 καὶ
291 4171 441 4240 ξίφος
494 4172 673 4241 φέρων
697 4188 711 4201 ·
743 4172 841 4241 τῆς
878 4174 985 4242 γὰρ
1038 4171 1319 4235 διαλαλιᾶς
1362 4172 1569 4243 ταύτης
1613 4172 1720 4226 τῶν
1759 4173 2038 4244 πολεμίων
2072 4172 2288 4226 ἁκούων
2320 4174 2551 4238 ἕκαστος
2580 4174 2690 4228 τῶν
2723 4175 2905 4228 ὃπλων
2971 4176 3244 4244 ἀφέμενος
3308 4174 3410 4245 τὴν

142 4261 391 4314 δουλείαν
417 4261 705 4332 αἱρήσεται
740 4263 783 4293 δ’
817 4262 1076 4332 ἄσμενος,
1124 4264 1217 4316 καὶ
1247 4261 1388 4316 οὕτω
1419 4264 1526 4316 τῶν
1559 4263 1811 4335 μαχίμων
1838 4264 2198 4318 ἐπιλιπόντων
2231 4265 2529 4327 ἀκινδύνως
2552 4266 2616 4318 ἂν
2649 4268 2682 4335 ἡ
2716 4267 2871 4328 πόλις
2904 4267 3159 4337 ληφθείη.

145 4354 399 4424 ΚΕΦΔΑΛ.
431 4353 558 4405 NE'.
589 4379 656 4393 -—
696 4352 828 4418 Πῶς
863 4353 978 4422 χρὴ
1031 4355 1128 4408 διὰ
1169 4355 1391 4424 τάχους
1437 4357 1722 4423 φρούριον

217 4422 432 4494 κτίζειν
464 4424 624 4490 παρὰ
651 4424 794 4488 τοὺς
816 4425 949 4494 τῶν
974 4422 1275 4494 πολεμίωῦ
1310 4422 1488 4494 ὄρους
1530 4426 1722 4494 κείμε-

213 4510 328 4547 νον
352 4493 646 4562 δημοσίου
675 4493 940 4562 πολέμου
975 4493 1176 4562 χωρίς.

217 4586 301 4638 Tit
357 4585 455 4654 μὲν
508 4585 700 4655 πρῶτα
759 4585 826 4640 δι’
885 4587 1080 4639 ἑαυτοῦ
1144 4589 1248 4658 χρὴ
1302 4588 1718 4658 κατασκοπῆσαι

1830 4355 1983 4410 CAP.
2011 4355 2122 4408 LV.
2155 4385 2222 4394 —
2257 4357 2534 4420 Quomodo
2564 4358 2803 4411 celeriter
2835 4359 3076 4411 construi
3125 4358 3289 4422 possit
3312 4373 3407 4425 ορ-

1897 4429 2096 4548 pidum!
2125 4441 2285 4494 prope
2328 4427 2557 4483 hostium
2615 4429 2746 4497 ﬁnes
2803 4428 2998 4498 absque
3028 4427 3238 4497 gentilis
3283 4428 3408 4481 belli

1897 4514 2073 4565 pericu
2098 4516 2148 4549 υ.

1896 4586 2081 4641 Primo
2136 4587 2356 4657 quidem
2409 4587 2653 4643 locorum
2701 4588 2869 4642 situm
2929 4590 3045 4658 ipse
3076 4585 3406 4656 investigare

147 4679 239 4731 τὸν
269 4677 573 4747 στρατηγὸν
602 4678 701 4748 τὴν
751 4677 846 4730 τοῦ
879 4679 1044 4730 τόπου
1093 4678 1241 4731 θέσιν
1286 4680 1494 4732 καὶτὸν
1521 4680 1722 4751 ὀχυρώ-

1828 4674 1990 4731 debet
2023 4675 2155 4741 dux,
2186 4685 2240 4731 et
2281 4678 2460 4731 locum
2500 4677 2930 4731 munitissimum
2973 4679 3177 4747 eligere
3219 4678 3308 4732 ubi
3333 4679 3406 4733 sit

143 4788 307 4842 τερον
337 4770 658 4835 ἐκλέξασθαι
719 4771 902 4837 τόπον,
938 4772 1033 4825 καὶ
1064 4771 1191 4824 ἔνθα
1229 4773 1450 4827 δυνατόν
1486 4775 1634 4826 ἐστιν
1665 4775 1724 4827 ἐν

144 4862 473 4915 δυοκαίδεκα
535 4862 598 4915 τὸ
650 4863 900 4915 πλεῖστον
933 4864 1165 4933 ἡμέραις
1211 4864 1243 4934 ἢ
1289 4864 1472 4936 ξηροῖς
1506 4867 1724 4936 πρῶτον

145 4952 370 5021 λίθοιςῆ
407 4952 647 5015 πλίνθοις
699 4953 732 5022 ἢ
763 4950 938 5017 ξύλοις
973 4953 1156 5022 κύκλῳ
1203 4955 1293 5008 τὸν
1314 4955 1490 5024 χῶρον
1514 4958 1722 5010 ἐκεῖνον

145 5045 533 5114 ὃιαληφθῆναι·
565 5043 683 5098 εἶτα
705 5047 772 5098 τά
790 5047 922 5116 πρὸς
945 5046 1132 5116 χρείαν
1155 5046 1350 5110 ἱκανῶς
1374 5063 1720 5116 παρεσκευα-

150 5139 350 5206 σμένον
381 5136 428 5170 ⁸⁸
463 5140 558 5193 καὶ
606 5139 712 5209 πρὸ
757 5140 867 5192 τῶν
909 5140 1084 5194 ἄλλων
1127 5140 1351 5202 ὁπλίτας
1375 5139 1572 5203 πεζοὺς
1597 5142 1724 5204 τοὺς

151 5231 252 5296 μὲν
303 5229 596 5300 πολεμίους
653 5232 720 5284 δι’
755 5232 1058 5299 ἀποστολῆς
1115 5234 1371 5304 στρατιᾶς
1415 5233 1606 5301 ἐτέρας
1633 5231 1722 5294 ἑξ-

150 5321 460 5391 απατῆσαι,
491 5322 566 5386 ὡς
609 5323 841 5393 ἀλλαχοῦ
866 5322 1124 5393 φρούριον
1162 5322 1277 5392 ἔχοι
1301 5323 1437 5395 πρὸς
1466 5323 1657 5393 βουλῆς
1675 5323 1720 5354 ⁵⁹

1832 4768 2090 4838 possibile
2121 4769 2263 4822 intra
2291 4769 2408 4822 dies
2432 4769 2498 4823 ad
2522 4784 2799 4823 summum
2834 4769 3122 4824 duodecim
3164 4770 3402 4839 spatium

1831 4858 2102 4913 auﬂiciens
2134 4858 2298 4912 siccis
2325 4858 2563 4928 primum
2590 4858 2864 4928 lapidibus
2886 4860 2969 4914 vel
3004 4858 3286 4924 lateribus,
3318 4859 3403 4914 vel

1833 4950 1994 5020 lignis
2031 4951 2503 5007 circumclaudere
2536 4968 2551 5018 ;
2584 4950 2782 5007 deinde
2845 4953 3178 5021 comparatis
3232 4951 3405 5006 omni-

1830 5054 1931 5104 bus
1959 5044 2315 5108 necessariis,
2353 5053 2480 5099 ante
2505 5045 2688 5099 omnia
2740 5045 2948 5114 pedites
2983 5045 3178 5098 armati
3201 5045 3402 5100 debent

1833 5133 2018 5190 hostes
2051 5136 2104 5190 in
2136 5150 2380 5192 errorem
2403 5137 2681 5200 inducere,
2712 5135 2945 5205 quadam
2969 5136 3177 5192 scilicet
3192 5135 3403 5191 exerci-

1829 5237 1918 5281 tus
1949 5242 2103 5297 parte
2124 5228 2389 5299 profecta,
2417 5230 2576 5299 quasi
2609 5230 2665 5283 in
2697 5231 2979 5286 voluntate
3010 5229 3234 5285 haberet
3269 5229 3399 5284 alibi

1829 5322 2086 5392 oppidum
2119 5335 2474 5390 construere;
2506 5323 2703 5379 ducem
2735 5323 2943 5379 interea
2969 5331 3183 5392 oportet
3206 5322 3395 5378 iisdem

1418 5484 1647 5541 νΑιιιλΕ
1674 5485 2083 5544 LECTIONES.

221 5626 569 5682 δίκαταπολὺ
593 5629 648 5683 Β.
732 5629 776 5661 δ’
816 5629 1000 5684 κόπων
1067 5645 1210 5686 corr.
1268 5646 1333 5685 ex
1399 5630 1599 5685 κὼπων
1624 5631 1685 5685 Β.

232 5698 814 5773 ύπρκρεπτέτωσανῌΒ.
877 5703 931 5773 _“
963 5702 1353 5773 διατροχῶνηΒ.
1431 5705 1476 5735 ⁸⁸
1505 5701 1692 5770 πύρων
1717 5701 1776 5773 Β.

738 5770 781 5800 ³³
827 5770 1099 5825 σδέννωσι
1128 5770 1186 5827 Β.
1264 5772 1308 5801 ⁸³
1341 5773 1731 5838 παραγγελέτω
1765 5772 1824 5828 Β.

1151 5844 1194 5874 ⁵⁷
1226 5823 1516 5912 αἱρήσεταξ
1680 5843 1726 5873 ⁵⁸
1757 5823 2283 5913 παρασκευασμένον
2318 5843 2376 5896 Β.

152 5769 201 5799 ³⁸
233 5769 533 5838 καλομένου
565 5769 622 5824 Β.

159 5841 206 5871 ⁸⁸
247 5841 446 5908 μήτιγε
473 5843 530 5893 Β.
597 5842 640 5874 ⁸⁸
668 5839 997 5909 όπλισμὲνος
1019 5842 1074 5896 Β.

1799 5631 1844 5664 ⁸⁸
1869 5632 2144 5698 ἐπιτάξεις
2172 5633 2295 5700 (sic)
2347 5633 2400 5686 in
2454 5641 2602 5686 textu
2653 5639 2707 5688 et
2745 5633 2973 5686 alterum
3021 5630 3086 5684 ad
3122 5644 3291 5699 marg.
3332 5626 3392 5700 Β.

1861 5703 1906 5735 ⁵⁷
1928 5697 2358 5772 δισχρῖέσθωσαν
2400 5702 2456 5754 Β.
2571 5704 2616 5734 ⁸⁸
2635 5703 2873 5770 διάδοχοι
2903 5703 2961 5756 Β.
3028 5703 3070 5733 δ’
3091 5701 3156 5752 ἂν
3190 5697 3299 5772 om.
3334 5697 3393 5772 β.

1908 5774 1952 5804 ⁸³
1979 5769 2244 5840 οἰκήμασι
2277 5789 2420 5826 corr.
2453 5788 2516 5826 ex
2550 5769 2841 5841 οἰκούμασι
2864 5772 2922 5822 Β.
3019 5773 3180 5841 ’δτῆς
3223 5771 3307 5825 bis
3337 5769 3393 5821 Β.

2463 5844 2508 5877 ’ν
2548 5844 2660 5912 ἔχει
2712 5839 3050 5911 προσδουλῆς
3088 5839 3148 5896 Β.
