4184 6440
235 386 367 451 1121
1156 380 1528 441 ORACULA.
1568 402 1636 412 —
1667 378 1887 438 VETEI

1835 379 2036 439 ERUM
2075 381 2564 442 TESTIMONIA.
3354 390 3487 453 1122

1099 529 1205 542 -φ

248 525 3465 569 MM

945 701 2024 832 IMPERATORIS
2204 706 2776 837 LEONIS

1212 1046 1828 1131 COGNOMINE
1915 1047 2463 1128 SAPIENTIS

1350 1364 2381 1550 ORACULA

905 1727 1060 1788 CUM
1122 1724 1437 1786 FIGURIS
1466 1723 1561 1784 ET
1595 1723 1932 1794 ANTIQUA
1987 1726 2253 1788 GRAECA
2313 1727 2813 1790 PARAPHRASI.

1161 2036 1536 2100 LECTORI
1582 2039 1696 2100 PE
1714 2035 1926 2098 TRUS
1988 2033 2501 2096 LAMBECIUS.

306 2201 394 2262 Ne
425 2200 578 2280 quid
616 2203 880 2264 omnino
912 2203 1161 2266 deesset
1200 2205 1446 2279 corpori
1492 2203 1797 2264 Historire
1839 2202 2230 2280 Byzantinte,
2269 2201 2632 2280 necessario
2667 2199 2724 2280 ei
2759 2198 3096 2280 inserenda
3138 2215 3279 2280 esse
3326 2197 3484 2258 duxi

223 2277 636 2360 imperatoris
695 2283 924 2360 Leonis
973 2277 1356 2360 cognomine
1416 2281 1736 2357 Sapientis
1771 2277 2044 2343 Oi'acula
2104 2297 2246 2342 cum
2288 2277 2918 2360 pic'turisil'atidicis,
2954 2278 3482 2360 quibusfuturos

226 2358 923 2437 Constantinopolitani
982 2358 1231 2438 imperii
1287 2375 1472 2419 casus
1525 2360 1818 2438 portendi
1869 2361 2062 2438 vulgo
2117 2359 2344 2438 Opinio
2401 2365 2519 2418 est.
2554 2359 2821 2438 Primus
2876 2375 3024 2438 vero
3070 2376 3141 2438 ea
3175 2358 3484 2438 Graeceet

228 2438 452 2498 Latine
504 2438 568 2496 in
610 2435 814 2500 lucem
850 2435 1302 2499 edidit'Janus
1343 2435 1722 2513 Rutgersius
1756 2435 2087 2500 Variarum
2139 2437 2514 2497 Lectionum
2553 2435 2661 2496 lib.
2706 2452 2764 2507 ν,
2804 2452 2938 2512 cap.
2993 2436 3053 2496 8.
3099 2436 3301 2509 Quam
3341 2435 3481 2495 edi-

233 2516 473 2575 tionem
509 2533 654 2592 ego,
683 2533 827 2577 cum
861 2514 1093 2593 abhinc
1131 2514 1562 2592 quadriennio
1596 2515 1935 2577 inBatavia
1969 2519 2291 2593 degerem,
2326 2513 2592 2593 contuli
2624 2529 2767 2574 cum
2801 2515 3065 2593 antiquo
3105 2513 3322 2593 codice
3361 2531 3481 2593 ms.

225 2591 1322 2667 BibliothecaaAmsterodame’nsis,
1345 2609 1536 2670 quem
1559 2593 1662 2654 ille
1679 2610 1805 2654 non
1841 2591 2085 2655 viderat
2115 2615 2130 2654 :
2167 2610 2283 2654 nec
2317 2608 2545 2671 paucas
2579 2591 2728 2651 inde
2754 2591 2906 2651 satis
2933 2592 3139 2668 magni
3174 2591 3482 2671 momenti

227 2674 546 2733 variantes
604 2673 907 2734 lectiones
967 2672 1282 2748 excerpsi,
1339 2687 1498 2748 quas
1552 2672 1837 2748 reperies
1897 2673 1960 2733 in
2011 2673 2167 2732 meis
2216 2670 2764 2731 adnotationibus.
2799 2671 3102 2732 Prmterea
3136 2670 3200 2731 in
3255 2670 3479 2731 eodem

224 2751 445 2829 codice
478 2750 696 2811 inveni
723 2750 1023 2829 anonymi
1059 2750 1388 2829 cujusdam
1422 2748 1843 2811 Oraculorum
1866 2751 2110 2829 Leonis
2145 2751 2422 2829 Graecam
2461 2748 2907 2829 Paraphrasin,
2952 2765 3144 2827 quam
3177 2752 3259 2810 ob
3287 2765 3480 2829 argu-

225 2827 423 2887 menti
474 2825 970 2888 similitudinem
1024 2825 1153 2889 una
1181 2827 1492 2889 edendam
1525 2844 1671 2888 esse
1721 2828 1902 2888 duxi.
1942 2829 2060 2889 Sed
2101 2827 2384 2889 nonduin
2421 2825 2576 2886 satis
2616 2826 2771 2886 mihi
2829 2825 3096 2895 cons—tat,
3149 2829 3316 2888 sitne
3349 2828 3481 2889 haec

223 2906 446 2983 eadem
491 2914 684 2983 atque
731 2908 834 2966 illa
875 2906 1219 2982 Theophili
1271 2904 1626 2982 presbyteri
1663 2905 1996 2983 Expositio
2032 2906 2471 2983 Oraculorum
2500 2904 2757 2976 Leonis,
2804 2921 2948 2982 quae
2987 2907 3050 2965 in
3098 2905 3481 2967 bibliotheca

226 2981 528 3060 Vaticana
577 2980 908 3046 "asservari
961 2980 1217 3046 dicitur.
1253 2980 1438 3055 Quod
1466 2980 1796 3059 superest,
1831 2985 2145 3046 benevole
2193 2983 2416 3050 lector,
2460 2980 2630 3042 hunc
2660 2980 2922 3060 quoq'ue
2958 2983 3236 3045 laborem
3268 3003 3478 3046 meum

225 3059 687 3146 boni-consule
712 3061 871 3146 ;_qui
915 3063 968 3122 si
1004 3065 1220 3146 minus
1251 3067 1586 3146 accuratus
1619 3059 1732 3146 tibi
1775 3062 2116 3146 videbitur,
2154 3067 2487 3139 pr0pterea
2519 3061 2743 3146 saltem
2775 3059 2936 3146 mihi
2967 3063 3292 3146 ignoscas,
3328 3064 3480 3146 quia

225 3081 378 3146 υῳιιι
421 3081 728 3133 οοηευιθ;
761 3081 871 3200 3U!
915 3081 968 3122 ει
1004 3081 1220 3123 minus
1251 3081 1586 3122 accuratus
1619 3081 1732 3120 ιιυι
1775 3081 2116 3135 νιαθυιιιπ,
2154 3081 2487 3139 propterea
2519 3081 2743 3120 saltem
2782 3081 2936 3120 ωΙΠΙ
2976 3081 3292 3138 Ignoscas,
3328 3082 3478 3146 quia

225 3155 330 3198 Vix
385 3139 616 3216 integri
682 3141 751 3199 tri
809 3139 870 3199 ui
923 3138 1127 3216 Spatio
1174 3140 1238 3199 in
1279 3139 1507 3202 itinere
1554 3137 1711 3199 mihi
1762 3139 1884 3201 sub
1935 3157 2127 3204 manu
2164 3147 2352 3200 natus
2385 3145 2506 3199 est.
2551 3138 2725 3200 Vale.
2767 3139 3038 3200 Lutetiae
3087 3142 3478 3207 Parisiorum

223 3232 402 3279 anno
435 3215 678 3290 MDCL,
713 3219 814 3279 die
852 3215 925 3278 20
958 3215 1374 3294 Septembris.

229 3423 3406 3453 Mm

915 3614 977 3688 V
995 3612 1410 3689 ETERUM
1491 3618 1544 3690 A
1563 3617 2057 3694 UCTURUM
2149 3615 2722 3695 TESTIMONI
2740 3618 2797 3692 Α

574 3803 668 3860 DE
705 3802 1152 3863 IMPERATOBE
1189 3806 1436 3876 LEONE,
1477 3807 1971 3866 COGNOMINATO
2011 3807 2372 3878 SAPIENTE,
2397 3809 2706 3879 EJUSQUE
2758 3807 3123 3867 ORACULIS.

1371 4117 1638 4182 Zonaras,
1673 4134 1794 4190 pag.
1827 4121 1951 4186 145,
1985 4121 2164 4175 Basil.
2193 4120 2320 4174 edit.

298 4231 476 4300 Ἐχων
502 4229 556 4283 δὲ
597 4231 664 4282 δι’
704 4229 942 4298 ἐφέσεως
983 4222 1137 4294 οὗτος
1177 4231 1206 4284 ὁ
1240 4231 1598 4303 αὐτοκράτωρ
1627 4233 1797 4300 (scili-
1822 4238 1873 4298 Λ

1825 4238 1873 4298 Λ
1970 4235 2172 4289 Verum
2195 4234 2494 4303 imperator
2523 4233 2886 4303 suscipienda:
2906 4234 3074 4302 prolis
3091 4236 3304 4302 avidus,
3335 4253 3477 4307 prm-

215 4333 304 4378 cet
359 4323 532 4388 Λέων)
591 4323 791 4391 μᾶλλον
870 4322 1054 4392 μέντοι
1125 4322 1220 4376 καὶ
1280 4324 1790 4393 κεχρηματισμένον

1898 4327 2086 4382 sertini
2126 4341 2250 4381 cum
2277 4325 2328 4379 id
2365 4340 2396 4378 a
2451 4327 2662 4382 vatibus
2693 4328 2742 4380 ei
2794 4326 3111 4395 pmdictum
3152 4338 3317 4385 esset.
3348 4329 3473 4385 Fuit

216 4413 468 4482 ἐσχηκὼς
501 4412 679 4467 τοῦτο.
709 4408 818 4466 Ἦν
849 4413 958 4481 γὰρ
996 4413 1233 4482 ἐραστὴς
1289 4412 1480 4481 σοφίας
1528 4413 1791 4465 παντοδα-

1897 4419 2042 4472 enim
2079 4417 2452 4471 doctrinarum
2487 4419 2665 4471 omnis
2703 4419 2920 4488 generis
2971 4429 3202 4487 amator,
3228 4430 3282 4474 et
3313 4436 3472 4476 arca-

218 4508 349 4574 πῆς,
383 4503 477 4557 καὶ
504 4504 672 4572 αὐτῆς
719 4503 854 4572 δῆτα
900 4504 999 4572 τῆς
1042 4503 1380 4573 ἀπορρήτου,
1411 4502 1444 4571 ἢ
1471 4501 1538 4555 δι’
1569 4503 1791 4572 ἐπῳδῶν

1900 4525 1983 4564 na:
2016 4525 2235 4579 quoque
2273 4511 2441 4575 illius,
2466 4527 2586 4579 qua:
2622 4526 2715 4578 per
2743 4511 3143 4565 incantationes
3173 4510 3356 4566 futura
3384 4512 3470 4567 die

219 4597 550 4666 μαντεύεται
581 4596 648 4648 τὰ
679 4597 933 4664 ἐσόμενα,
967 4594 1060 4647 καὶ
1096 4595 1225 4664 περὶ
1266 4593 1366 4656 τὰς
1409 4594 1518 4646 τῶν
1547 4595 1792 4663 ἀστέρων

1899 4603 2050 4656 vinat
2083 4619 2097 4655 :
2135 4613 2386 4657 versatus
2412 4603 2575 4655 etiam
2611 4603 2664 4655 in
2691 4603 2939 4656 doctrina
2965 4603 3032 4656 de
3059 4605 3298 4660 motibus
3327 4607 3469 4661 side-

217 4687 505 4756 ὲσχολάκει
533 4687 797 4756 κινήσεις,
829 4685 925 4738 καὶ
953 4683 1050 4754 τὴν
1083 4685 1147 4735 ὲκ
1178 4683 1384 4737 τούτων
1417 4685 1792 4753 ἀποτελεσμα-

1901 4708 2021 4746 rum
2050 4707 2349 4762 eorumque
2374 4691 2679 4757 cﬂ'ectibus,
2717 4694 2770 4747 in
2803 4710 2911 4764 qua
2959 4695 3290 4761 inveniebat,
3322 4714 3381 4755 se
3411 4700 3472 4753 ti-

215 4779 377 4847 τικὴν
405 4779 716 4846 ἐπιστήμην
762 4779 1084 4845 μετήρχετο,
1137 4776 1229 4828 καὶ
1260 4775 1534 4843 εὕρισκεν,
1575 4775 1649 4839 ὡς
1679 4776 1790 4842 ἕξει

1575 4775 1649 4839 ὡς
1679 4776 1790 4842 ἕξει
1897 4782 2027 4836 lium
2059 4783 2373 4837 habiturum
2407 4782 2618 4853 imperii
2656 4798 3061 4850 successorem,
3089 4796 3194 4842 etc.

217 4871 384 4923 παῖδα
405 4869 504 4938 τῆς
536 4867 810 4938 βασιλείας
839 4868 1104 4938 διάδοχον,
1131 4877 1240 4922 etc.

1582 5005 1753 5072 Idem,
1783 5024 1905 5078 pag.
1942 5008 2063 5063 H5.

287 5144 380 5215 Μὴ
424 5144 692 5198 ἀπατάτω
726 5160 821 5210 σε,
868 5143 1271 5205 Κωνσταντῖνε,
1304 5140 1366 5193 τὸ
1424 5139 1616 5210 ὄνομα,
1663 5141 1792 5207 μηδ’

1967 5138 2044 5193 Ne
2072 5148 2126 5194 te
2171 5139 2408 5209 decipiat
2455 5155 2677 5203 nomen,
2715 5139 3099 5204 Constantine,
3146 5151 3321 5207 tuum,
3365 5160 3466 5199 nec

214 5237 332 5288 οἴου
377 5236 473 5305 τῆς
525 5235 799 5304 βασιλείας
849 5235 1049 5302 τυχεῖν,
1099 5233 1173 5296 ὡς
1209 5232 1617 5285 Κωνσταντίνου
1656 5232 1793 5283 Ῥω-

1898 5231 2133 5300 putaris,
2167 5244 2234 5284 eo
2259 5229 2406 5299 quod
2437 5229 2833 5284 Constantinus
2871 5230 3134 5286 Romanis
3165 5232 3465 5302 imperatu-

221 5327 397 5397 μαίων
427 5327 709 5396 μέλλοντος
751 5325 933 5394 ἄρξαι.
966 5323 1101 5376 Ἰσθι
1143 5325 1253 5393 γὰρ
1285 5323 1552 5393 ἀκριϐῶς,
1602 5321 1793 5375 τοῦτον

1896 5337 1991 5375 rus
2030 5321 2122 5386 sit,
2157 5329 2213 5376 te
2265 5320 2493 5390 imperio
2542 5323 2867 5390 potiturum.
2899 5323 3064 5378 Certo
3104 5325 3250 5378 enim
3302 5326 3464 5388 scito,

217 5411 359 5468 εἶναι
391 5416 483 5467 τὸν
528 5415 643 5467 υἱὸν
673 5414 764 5468 τὸν
797 5412 950 5483 ἐμόν.
1008 5412 1080 5464 Σὺ
1125 5410 1204 5475 δὲ,
1236 5411 1285 5463 εί
1323 5411 1423 5481 μὲν
1474 5411 1541 5480 ἢν
1594 5409 1788 5479 ἔλαχες

1897 5411 2066 5466 ﬁlium
2097 5412 2243 5466 hunc
2280 5425 2480 5476 meum,
2513 5413 2668 5466 illum
2693 5428 2837 5468 esse.
2866 5410 3020 5477 Quod
3060 5413 3106 5468 si
3133 5423 3189 5468 tu
3211 5411 3463 5483 Spartam

215 5507 476 5576 Σπάρταν
495 5506 908 5577 κοσμεῖς,ἐσται
943 5521 1025 5557 σοι
1057 5499 1137 5567 εὖ,
1166 5505 1216 5555 εί
1245 5504 1300 5555 δὲ
1327 5501 1667 5573 νεωτερίσεις
1694 5503 1788 5556 καὶ

1898 5513 2044 5557 tuam
2066 5503 2305 5567 ornaris,
2337 5503 2475 5557 bene
2515 5503 2615 5556 tibi
2645 5503 2768 5556 erit.
2805 5503 2900 5557 Sin
2949 5505 3112 5560 rebus
3146 5506 3302 5559 novis
3345 5513 3461 5559 stu-

214 5599 489 5669 τυραννίδι
537 5599 928 5668 ἐπιχειρήσεις,
978 5596 1070 5650 ἔσο
1121 5595 1351 5665 βεόαίως
1380 5594 1554 5659 είδὼς,
1589 5593 1664 5656 ὡς
1694 5595 1783 5647 διὰ

1891 5591 2100 5656 dneris,
2158 5598 2213 5646 et
2270 5591 2614 5660 tyrannidem
2655 5589 2970 5658 aﬂectaris;
3020 5592 3130 5646 noli
3189 5593 3458 5657 dubitare.

212 5688 374 5756 τῆσδε
399 5689 497 5760 τῆς
524 5689 696 5758 πύλης
739 5689 858 5758 (τὴν
901 5686 1036 5757 πρὸς
1081 5687 1232 5740 δύσιν
1258 5681 1423 5740 οὖσαν
1463 5683 1555 5739 τεῦ
1583 5700 1778 5755 χρυσο-

1886 5684 2018 5754 quin
2047 5698 2142 5754 per
2165 5682 2304 5737 hanc
2333 5691 2545 5751 portam
2578 5681 2972 5750 (demonsuata
2995 5681 3333 5740 Occidentali
3365 5702 3460 5741 au-

495 5782 769 5843 PATROL.
819 5779 937 5840 Gn.
985 5776 1172 5839 CVII.

2995 5775 3070 5834 36
