4184 6440
278 446 412 513 1129

285 594 3361 626 —_______________________________________

1729 453 2097 515 ORACULA.

3384 459 3520 524 1130

824 734 1050 820 ΤΟΥ
1106 734 1779 824 ΣΟΦΩΤΑΤΟΥ
1832 737 2364 826 ΒΑΣΙΛΕΩΣ
2441 741 2955 830 ΛΕΟΝΤΟΣ

1339 910 2447 1168 ΧΡΗξΜοΙ.

1019 1256 1906 1348 SAPIENTISSIMI
1987 1251 2246 1342 IMP.
2327 1248 2768 1347 LEONIS

1413 1474 2361 1636 ORACULA.

1525 1817 1907 1876 ORACULUM
1937 1818 1957 1873 1
1999 1819 2168 1891 (leone
2205 1821 2280 1892 ι).

937 1911 1112 1971 Αἶιια.

937 1936 1006 1971 At
1035 1936 1112 1971 ta.

332 2003 444 2075 Τὴν
478 2004 792 2075 ὲχθροποιὺν
818 1936 1032 2059 ἔνδοθεέ
1062 2005 1293 2076 κρύπτει
1334 2005 1564 2075 πλάνην,

279 2097 364 2159 Ὠς
400 2098 636 2167 εὐμενὴς
666 2097 722 2150 δὲ
744 2096 910 2160 κύνας
934 2098 1188 2167 ἐκτρέφει
1209 2098 1379 2161 νέους.

271 2188 373 2241 Ἦν
402 2189 476 2251 ὡς
503 2189 706 2257 γλυκὺς
728 2189 996 2253 κλύδωνος
1022 2191 1177 2261 ἐκχεῖ
1196 2191 1274 2254 εἰς
1308 2191 1474 2259 μέσον
1501 2189 1599 2260 (ι).

275 2362 415 2414 Ἀλλ’
450 2363 740 2432 ἀπελέγξει
769 2367 844 2437 (2)
879 2367 968 2420 τὸν
997 2368 1259 2439 λογισμὸν
1287 2371 1314 2422 ὁ
1355 2370 1562 2440 χρόνος.

266 2454 426 2521 Ὄφις
453 2454 508 2508 δὲ
538 2457 741 2520 πάντας
765 2459 1138 2514 καταναλώσει
1161 2461 1342 2530 τάχος.

261 2545 333 2597 Σὺ
367 2549 731 2618 μεγαλαυχεῖς
763 2551 856 2602 καὶ
884 2552 1147 2621 γέγηθας,
1178 2552 1328 2606 ἄθλιε
1348 2554 1448 2624 (5).

263 2638 370 2688 Καὶ
397 2641 585 2708 χεῖρας
612 2640 823 2706 ἁπλοῖς,
859 2644 953 2694 καὶ
989 2643 1155 2707 πόδας
1188 2644 1555 2715 διαστρέφεις,

276 2727 362 2789 Ὠς
393 2732 733 2800 πραγμάτων
756 2732 954 2797 ἔξωθεν
984 2735 1146 2788 αὐτὸν
1181 2716 1412 2803 ἐξάγων.

273 2818 411 2870 Ἀλλ’
431 2823 458 2872 ὁ
490 2821 691 2889 Κύριος
709 2823 810 2893 τὴν
846 2825 1132 2895 ὑπόκρισιν
1159 2831 1318 2896 φανεῖ
1351 2829 1449 2899 (4).

261 2907 325 2959 Τί
348 2909 456 2977 γὰρ
480 2911 642 2963 καλὸν
668 2913 944 2982 δράσειας,
969 2911 1013 2969 ὦ
1045 2920 1108 2971 σὺ
1141 2920 1352 2973 κονόπα
1377 2921 1450 2991 (5)
1474 2936 1490 2984 ;

271 2997 331 3050 '0
358 2999 436 3068 τῷ
461 3001 596 3072 ξένῳ
626 3003 862 3074 δήγματι
885 3010 1349 3080 συγκεκραμένος,

261 3089 382 3152 Ιιῶς
416 3092 478 3144 σὺ
503 3093 746 3163 κομίσεις
774 3098 976 3165 ἀγαθόν
1000 3118 1051 3152 τι
1076 3100 1153 3170 τῷ
1186 3103 1284 3171 βίῳ
1310 3119 1324 3168 ;

266 3181 361 3244 ’ος
393 3182 453 3233 τὸ
481 3184 654 3253 στόμα
677 3185 910 3256 κέχηνας
938 3189 1016 3250 εἰς
1052 3189 1412 3258 ὑποπτέρους,

262 3272 384 3335 Πῶς
414 3275 737 3346 ἀπερεύξεις
772 3279 923 3349 ῥῆμα
952 3281 1186 3351 χρηστὸν
1211 3286 1277 3353 τῇ
1304 3283 1452 3334 πόλει
1482 3283 1554 3352 (6)
1579 3301 1592 3348 ;

271 3388 367 3442 Ἐν
379 3389 552 3458 μέσῳ
598 3390 709 3445 δύο
758 3393 1030 3530 xopdmoi)?
1067 3395 1162 3449 καὶ
1204 3396 1558 3466 ὑποπτέρων
1600 3397 1834 3451 ἀναλω-

989 3481 1130 3530 ισῃ.

989 3481 1130 3533 non.

322 3549 402 3606 Τὸ
428 3553 678 3624 δεύτερόν
699 3573 751 3608 τι
780 3557 963 3610 καινὸν
993 3557 1121 3611 ἄλλο
1150 3557 1338 3628 θηρίον
1370 3560 1470 3630 (7),

266 3643 588 3713 Ἵπτάμενός
616 3662 676 3696 τε
704 3646 840 3716 πρὸς
874 3648 1221 3718 μεσημϐρίαν
1246 3649 1367 3718 ὄφις

257 3737 602 3808 Βαπτόμενος
637 3739 826 3808 μέλανι
849 3740 943 3792 κα).
980 3742 1146 3810 μέλας
1176 3743 1314 3809 ὅλος,

255 3828 438 3891 Δεινδς
468 3828 528 3881 τὸ
555 3829 672 3897 φῶς
703 3831 928 3902 κόραξιν
961 3833 1336 3904 ἀφῃρημένος.

256 3918 417 3982 Γένος
438 3920 546 3990 γὰρ
578 3922 800 3993 αἰσχρὸν
827 3924 935 3976 τῶν
969 3925 1062 3992 ἀφ’
1085 3927 1236 3995 ἡλίου
1268 3927 1468 3994 πέλων,

258 4009 505 4079 Οἰκτρῶς
530 4011 816 4078 κλονήσεις
845 4015 1038 4068 σαυτὸν
1067 4016 1182 4087 ἅμα
1206 4019 1299 4071 καὶ
1324 4020 1500 4085 πόλιν,

258 4101 367 4153 Καί
392 4118 486 4156 σου
512 4107 813 4175 στεναγμὸν
841 4106 918 4177 τῷ
947 4107 1095 4178 θέρει
1127 4109 1226 4180 ἔαρ
1249 4115 1409 4179 φανεῖ
1431 4113 1528 4182 (8).

259 4194 370 4246 Καὶ
393 4199 730 4265 γραμμικοῖς
761 4200 1000 4269 σχήμασι
1017 4201 1190 4271 δηλῶν
1211 4202 1301 4255 τὸν
1328 4205 1538 4275 χρόνον,

269 4285 356 4347 Ὠς
387 4288 768 4358 ὑστερήσει(θ)
791 4289 883 4343 τοῦ
916 4293 1184 4363 πατρικοῦ
1215 4295 1274 4347 τὸ
1303 4297 1476 4359 τέλος.

261 4379 496 4448 ’Δρκτου
519 4381 564 4433 δ’
594 4382 790 4451 ὀλετὴρ
816 4383 890 4436 ὣν
924 4385 1046 4454 ὄφις
1068 4386 1235 4451 τάλας
1265 4388 1446 4459 μόνος,

258 4472 324 4523 Ὠ
349 4472 464 4537 πῶς
493 4475 714 4546 γενήσει
743 4475 939 4547 βρῶμα
956 4477 1145 4532 δεινῶν
1176 4479 1428 4552 κοράκων
1459 4482 1574 4552 (10)
1602 4485 1614 4536 !

1858 1917 1913 1975 Δ

2549 1915 2796 1988 Sanguis.

2010 2007 2477 2065 Inconciliabilcm
2508 2009 2657 2064 intus
2690 2007 2931 2064 occultat
2969 2007 3372 2076 deccptioncm,

1943 2098 2100 2152 Sicut
2121 2097 2423 2154 benevolus
2449 2112 2582 2152 vero
2621 2111 2788 2151 canes
2819 2096 3020 2150 educat
3049 2096 3300 2164 juvenes,

1939 2190 2115 2256 Quam
2156 2196 2416 2260 tanquam
2447 2188 2638 2245 suavis
2683 2187 3026 2257 tempestatis
3049 2185 3278 2242 eﬂ‘undit
3316 2188 3367 2238 iu
3401 2200 3517 2240 me-

2708 2336 2736 2363 d
3250 2277 3443 2350 [diutn.

1943 2373 2047 2428 Sed
2079 2371 2369 2442 redarguet
2399 2371 2785 2442 cogitationem
2818 2379 3055 2440 tempus.

1942 2459 2179 2529 Serpens
2209 2475 2341 2515 vero
2370 2475 2561 2515 omnes
2611 2459 2861 2514 absumet
2892 2460 3021 2513 cito.

1941 2549 2022 2604 Tu
2051 2550 2294 2605 exsultas
2325 2557 2378 2604 et
2405 2548 2608 2604 laetaris
2641 2547 2825 2612 miser,

1941 2642 2005 2695 Et
2029 2657 2225 2696 manus
2251 2642 2431 2711 aperis
2455 2648 2508 2694 et
2539 2639 2703 2710 pedes
2723 2640 3053 2708 distorques,

1940 2733 2220 2802 Tanquam
2249 2741 2301 2788 te
2329 2732 2506 2803 ipsum
2534 2740 2687 2786 extra
2717 2732 3021 2788 molcSIiam
3063 2731 3351 2787 educeres.
3423 2808 3425 2812 Α

1941 2825 2045 2880 Sed
2078 2827 2340 2880 Dominus
2370 2825 2780 2881 simulationem
2814 2828 3164 2895 conspicuam
3224 2825 3407 2880 faciet.

1940 2917 2078 2983 Quid
2100 2919 2243 2971 enim
2275 2917 2402 2971 boni
2437 2916 2647 2971 faceres
2677 2931 2710 2970 ο
2740 2923 2796 2970 ιιι
2838 2916 3036 2971 canino
3062 2915 3330 2986 aspectu?

1939 3010 2132 3062 Aliena
2167 3008 2523 3062 mordacitale
2547 3009 2874 3072 instructus,

1940 3098 2226 3164 Quomodo
2261 3108 2317 3153 tu
2367 3097 2510 3153 feres
2540 3099 2667 3154 boni
2700 3098 2904 3169 aliquid
2938 3097 3099 3153 vitaz?

1940 3189 2042 3254 Qui
2075 3204 2137 3243 os
2159 3190 2420 3258 aperuisti
2443 3189 2704 3245 adversus
2732 3205 2878 3255 aves,

1867 3265 1911 3320 Β
1942 3281 2226 3347 Quomodo
2255 3281 2470 3336 emittes
2499 3281 2725 3336 verbum
2758 3283 2891 3337 utile
2916 3281 3169 3336 civitati?

2015 3390 2081 3446 In
2113 3391 2284 3445 medio
2313 3390 2538 3444 duorum
2579 3407 2853 3447 corvorum
2878 3394 3132 3456 eLavium
3169 3393 3480 3447 absumetis.

2013 3545 2261 3601 Secunda
2292 3552 2345 3600 et
2376 3559 2514 3600 nova
2547 3545 2652 3599 alia
2686 3545 2888 3612 bellua,

1943 3636 2007 3690 Et
2042 3637 2232 3691 volans
2259 3635 2327 3688 ad
2361 3635 2642 3690 meridiem
2684 3652 2930 3707 serpens,

1941 3729 2168 3783 Tinctus
2205 3725 2511 3781 atramento
2540 3737 2592 3782 et
2615 3729 2768 3798 niger
2796 3736 2964 3795 totus,

1940 3819 2247 3884 Terribilis,
2284 3820 2462 3874 oculis
2495 3833 2524 3872 a
2546 3820 2730 3875 corvis
2757 3820 3024 3892 privatus.

1940 3911 2107 3966 Ρωᾱο
2134 3913 2280 3966 enim
2326 3927 2521 3981 genere
2559 3896 2821 3968 Orieritali
2854 3913 3125 3968 oriundus

1941 4003 2320 4059 Miserabiliter
2349 4004 2563 4072 quaties
2590 4011 2644 4057 te
2669 4003 2845 4067 ipsum
2876 4005 3039 4059 simul
3063 4019 3189 4059 cum
3226 4005 3387 4070 urbe,

1943 4092 2008 4146 Et
2039 4103 2191 4147 tuum
2224 4092 2520 4162 suspirium
2544 4094 2718 4147 aestati
2746 4108 2842 4148 ver
2878 4095 3145 4149 narrabit.

1935 4184 1999 4240 Et
2029 4185 2332 4239 litterarum
2367 4184 2552 4254 ﬁguris
2572 4185 2890 4255 signiﬁcans
2922 4195 3158 4256 tempus,

1936 4277 2012 4331 Ita
2039 4277 2339 4346 privaberis
2382 4286 2608 4345 paterno
2637 4277 2868 4346 imperio
2894 4279 3139 4345 tandem,
3251 4279 3447 4351 [_solus,

1943 4364 2340 4437 Septentrionis
2375 4379 2503 4420 vero
2534 4364 2805 4434 pernicies
2832 4381 2958 4420 cum
2989 4366 3060 4422 sit
3081 4382 3311 4437 serpens
3347 4371 3514 4425 miser

1940 4458 1985 4515 Ο
2009 4457 2282 4530 quomodo
2308 4456 2398 4513 lict
2438 4471 2565 4513 esca
2594 4457 2917 4512 callidorum
2951 4473 3264 4515 corvorum.

1464 4601 1847 4661 ORACULUM
1887 4603 1928 4658 ll
1957 4599 2258 4674 (iconell).

880 4693 1199 4750 Μετάνοια.

330 4775 514 4827 Au:th
539 4777 599 4829 τὸ
626 4779 828 4846 τρίτον.
854 4782 964 4834 Καὶ
993 4783 1100 4852 γὰρ
1125 4783 1272 4853 ὅρνις
1301 4786 1540 4856 ἠπτότης
1565 4787 1678 4857 (Η)
1703 4827 1718 4852 ,

259 4868 598 4938 Σταυροῦχος
622 4869 790 4940 ὅρνις,
823 4871 987 4936 ἵππος
1021 4873 1066 4925 δ’
1097 4873 1167 4928 αὖ
1201 4877 1557 4947 κερασςςόρος.

2564 4690 2899 4745 Pwnitentia.

2006 4784 2330 4854 Ambiguum
2354 4783 2594 4838 tertium.
2627 4783 2837 4838 Etenim
2875 4784 2992 4838 avis
3022 4784 3184 4842 modo
3214 4793 3355 4852 erat,

1933 4877 2181 4935 Crucifer
2220 4878 2359 4942 avis,
2394 4892 2570 4948 equus
2602 4876 2765 4932 modo
2789 4878 3059 4949 corniger.

1785 4988 2025 5046 NOTE.

331 5081 406 5150 (l)
459 5082 656 5150 Ἐκχεῐ
686 5083 773 5146 εις
805 5081 1018 5151 μέσον.
1041 5080 1096 5136 lu
1142 5082 1265 5137 cod.
1301 5084 1833 5141 Amslcrodameusis

259 5151 604 5224 bibliotheca
642 5153 871 5224 legitur,
892 5154 1036 5222 ἔχεις
1067 5153 1252 5224 μέσον.

330 5222 408 5286 (2)
447 5222 802 5291 Ἀπελέγξει.
838 5223 974 5277 Cod.
1016 5222 1327 5278 Atnsterod.
1365 5223 1686 5290 ἀπαλλάξει.

329 5292 408 5360 (5)
451 5294 674 5347 Ἀθλιε.
716 5292 850 5347 Cod.
881 5294 1056 5348 Amst.
1085 5294 1296 5348 ἀθλίου.

351 5361 406 5431 4)
436 5363 634 5417 Φανεῖ.
659 5363 797 5418 Cod.
823 5365 996 5417 Amst.
1027 5364 1228 5431 φαίνει.

352 5434 404 5500 5)
431 5435 650 5488 Καλόν.
685 5435 821 5487 Cod.
857 5436 1032 5488 Amst.
1068 5434 1259 5486 κακόν.

329 5504 406 5575 (Gl
444 5504 838 5575 Ἀπε-ρεύεεις.
863 5504 998 5558 Cod.
1022 5504 1198 5559 Amst.
1225 5505 1504 5575 ἀπορέξει.

330 5574 407 5642 (7)
445 5575 513 5627 Τὸ
541 5573 824 5643 δεύτερόν
849 5592 904 5627 τι
926 5575 1158 5628 καινόν.
1184 5575 1317 5630 Cod.
1340 5573 1527 5629 Amat.
1559 5577 1619 5630 τὸ
1651 5576 1832 5629 δεύτε-

263 5663 367 5715 ρον,
389 5646 575 5697 τέκνον
598 5661 610 5674 ·
647 5654 700 5699 el
729 5647 944 5700 videtur
1011 5644 1082 5698 ita
1129 5646 1299 5700 fuisse
1331 5647 1595 5715 scriptum
1625 5649 1676 5700 iu
1707 5649 1826 5701 cod.

260 5714 472 5787 antiqui
511 5715 872 5787 interpretis,
921 5717 1016 5787 qui
1065 5717 1180 5772 haec
1227 5718 1298 5772 ita
1347 5714 1548 5772 vertit:
1587 5715 1831 5773 Secunda

258 5786 429 5853 proles
464 5786 573 5838 alia
608 5785 801 5841 bellua.

2009 5084 2086 5155 (8)
2123 5083 2323 5137 Φανεῖ.
2358 5081 2482 5138 Haec
2508 5098 2609 5138 vox
2645 5082 2698 5137 in
2731 5084 2856 5139 cod.
2893 5083 3069 5139 Amst.
3121 5087 3294 5142 deest.
3337 5087 3513 5154 Quam

1937 5156 2229 5226 lectionem
2262 5163 2486 5226 secutus
2513 5161 2599 5226 est
2622 5155 2882 5226 antiquus
2909 5155 3201 5224 interpres.
3242 5158 3334 5226 qui
3368 5161 3515 5214 hunc

1936 5241 2152 5280 versum
2193 5224 2266 5277 ita
2293 5225 2495 5293 vertit:
2531 5223 2597 5275 Et
2628 5225 2706 5293 tui
2737 5226 2957 5293 gemitus
2989 5236 3148 5280 astas
3177 5237 3223 5280 et
3253 5223 3358 5285 tier.

2013 5297 2088 5366 (9)
2253 5292 2606 5380 thsprivst.
2625 5292 2765 5380 Coll}
2793 5297 2840 5380 ,Α
2852 5305 2976 5349 mst.
3006 5297 3308 5380 deuote-pi).
3345 5297 3403 5352 In
3424 5314 3517 5380 cg-

1934 5363 2293 5445 dice'antiqui
2325 5363 2643 5445 interpretis
2667 5365 3178 5445 videturnscr‘iptu’m
3212 5363 3400 5445 fuisse,
3430 5364 3512 5431 οἷς

1937 5432 2256 5503 ὑστερήσει,
2284 5444 2389 5489 etc.
2436 5432 2612 5487 Vertit
2652 5435 2797 5488 enim
2832 5451 2844 5485 :
2881 5432 3085 5498 Quibus
3121 5432 3432 5492 remanebit.

2011 5503 2125 5574 (10)
2165 5507 2231 5558 ’Ὡ
2267 5503 2393 5569 πῶς
2427 5503 2672 5575 γενήσει
2711 5503 2922 5572 βρῶμα
2966 5505 3184 5560 δεινῶν
3220 5508 3510 5575 κοράκων.

1940 5574 2162 5630 Nicctas
2192 5575 2475 5628 oraculum
2524 5574 2627 5628 hoc
2664 5576 2940 5643 pertinere
2966 5587 3120 5645 putat
3151 5579 3216 5630 ad
3244 5574 3510 5631 JOannem

1939 5646 2306 5704 Comnenum.
2334 5645 2428 5714 qui
2451 5645 2587 5699 obiit
2621 5645 2676 5698 iu
2710 5645 2832 5698 loco
2862 5647 2951 5698 cui
3001 5661 3197 5701 nomen
3241 5649 3412 5704 fuisse
3438 5649 3512 5700 ait

1940 5717 2195 5786 κοράκων
2222 5714 2484 5786 φωλεούς.
2514 5715 2629 5770 sive
2658 5730 2946 5769 corvorum
2979 5715 3157 5786 njtlos.

2013 5783 2128 5856 (11)
2161 5785 2268 5840 Καὶ
2300 5785 2410 5855 τὰρ
2457 5785 2621 5854 ὄρνις
2654 5785 2939 5854 ἡπτότης.
3004 5783 3183 5844 Probo
3238 5786 3511 5861 Rutgersii
