4184 6440
678 369 816 432 Ηί3

1950 364 2142 424 LEON
2157 364 2223 422 ιε
2253 363 2351 422 ΡΗ
2364 363 2384 420 l
2395 361 2712 420 LOSOPHI

3807 361 3941 428 1144

671 495 797 548 tta;
844 479 1154 551 prudentia,
1227 476 1696 545 divinationisquc
1758 473 2110 543 participatio
2194 481 2248 526 ct

2361 470 2689 540 πολυῖστωρ,
2727 471 2818 522 καὶ
2868 471 3069 539 μᾶλλον
3101 471 3256 537 εἰδὼς
3288 474 3423 542 (iiii,
3443 477 3819 546 ⁸προορατικδς
3848 470 3941 530 καὶ

668 574 1138 637 communicatio;
1167 571 1442 624 demissus
1504 583 1672 623 nasus
1703 585 1717 632 ;
1757 567 1901 622 oculi
1938 567 2004 620 ad
2044 565 2243 620 cmlum

669 664 842 717 erecti
893 667 1233 730 ;panpertas
1268 702 1282 726 ,
1353 657 1586 713 sordida:
1655 657 1953 724 laceraeque
2033 665 2242 718 vestes,

674 765 958 825 propterea
1009 753 1155 821 quod
1217 752 1340 806 aliis
1385 750 1686 805 studuerit.
1735 750 1849 804 Erit
1893 749 2038 803 enim
2072 749 2246 813 mitis,

673 850 970 908 humanus,
1014 845 1278 906 liberalis,
1311 843 1717 912 magnanimus,
1757 841 2042 903 terribilis,
2077 855 2245 910 gene-

669 952 855 993 rosus.
883 937 1118 1007 Insignis
1147 937 1262 1006 ejus
1290 935 1480 988 dextra
1500 950 1564 990 eo
1589 934 1735 1004 quod
1771 935 1823 987 in
1851 932 2096 1001 scapulis
2127 932 2249 986 dua:

668 1040 878 1084 eatena:
911 1047 925 1094 ;
961 1030 1028 1083 ad
1079 1028 1383 1097 omoplatas
1422 1028 1487 1098 (?)
1529 1028 1650 1082 dna:
1684 1041 1969 1096 purpureae
2006 1039 2245 1089 cruces;

672 1121 724 1173 in
769 1133 989 1189 peetore
1040 1129 1219 1172 autem
1278 1127 1334 1172 et
1380 1119 1446 1172 ad
1491 1119 1687 1173 collum
1732 1117 1990 1184 αὖτοφίον
2019 1115 2084 1185 t?)
2116 1131 2248 1185 prte-

669 1221 816 1266 tcrea
859 1223 1063 1265 ratcnze
1096 1211 1148 1264 in
1181 1211 1447 1266 lateribus
1472 1251 1487 1274 ,
1523 1211 1574 1264 in
1605 1210 1818 1280 jugulo,
1855 1211 1908 1264 in
1947 1208 2246 1264 femoribus

674 1306 1048 1374 brachiisque.
1076 1303 1286 1359 Nomen
1313 1304 1660 1375 imperatoris
1691 1305 1746 1359 in
1777 1304 2036 1374 gentibus
2060 1303 2248 1357 occul-

671 1405 866 1460 tatum,
892 1397 1071 1452 simile
1099 1397 1294 1451 ultimo
1323 1397 1454 1460 diei,
1493 1396 1747 1465 septimo,
1797 1397 1995 1450 litteris
2039 1395 2246 1450 conﬂa-

673 1499 787 1542 tnm
813 1503 936 1558 qua:
993 1495 1124 1542 sunt
1177 1502 1206 1539 a
1252 1487 1424 1556 prima
1477 1487 1658 1540 littera
1711 1485 1860 1539 verbi
1923 1483 2250 1538 ὀκτωκαιδε-

673 1581 842 1650 κᾶτῳ,
873 1581 986 1632 sive
1005 1579 1294 1632 verborum
1336 1575 1726 1648 τριακοσιοστῷ
1747 1575 1966 1645 πρώτῳ.
1992 1575 2250 1630 Pietatem

672 1667 1178 1735 divinationemque
1235 1666 1365 1721 colit
1420 1683 1434 1720 :
1484 1681 1608 1720 eum
1675 1681 1807 1721 vero
1853 1665 2105 1721 homines
2155 1681 2254 1734 pro

674 1760 850 1813 nihilo
891 1767 1302 1828 reputavcrunt,
1344 1758 1548 1812 scilicet
1582 1772 1861 1827 nunquam
1892 1758 2100 1811 utilem.
2147 1756 2251 1810 lm-

2352 562 2691 630 προφητείας
2753 562 2996 632 μετέχων
3053 563 3202 634 (55),
3233 566 3327 617 καὶ
3379 567 3794 636 μεταδιδούςιή
3858 571 3940 638 ῥὶς

2351 652 2513 707 αὐτοῦ
2550 654 2920 723 ἐπικεκυφυῖα
2947 671 2960 684 ·
3009 657 3057 708 οί
3101 655 3371 726 ὀφθαλμοὶ
3402 660 3670 726 μετέωροι
3700 674 3713 686 ο
3744 659 3936 726 πένης,

2351 747 2727 818 κεκαρμένος,
2772 748 2868 800 καὶ
2925 747 3090 818 ῥάκια
3140 749 3518 818 ἐνδεδυμένος,
3573 749 3662 803 διὰ.
3728 751 3791 803 τὸ
3844 752 3939 819 μὲν

2351 838 2935 910 χρησιμεύειν.”Εσται
2968 839 3025 893 δὲ
3063 839 3244 910 πραῢς
3271 843 3364 895 καὶ
3383 841 3766 912 φιλάνθρωπος
3804 844 3935 910 (54).

2352 928 2734 998 εὐμετάδοτος,
2799 929 3194 1001 μεγαλόψυχος,
3257 923 3512 1005 φοϐερὸς,
3568 937 3839 1002 γενναῖος.
3878 935 3937 988 ἰι

2351 1019 2499 1087 δεξιὰ
2533 1020 2700 1074 αὑτοῦ
2755 1023 2966 1092 ἀρμοὺς
2994 1022 3086 1075 δύο
3116 1025 3303 1095 σειράς
3324 1043 3336 1054 ·
3374 1026 3469 1078 καὶ
3508 1029 3774 1098 σταυροὺς
3803 1044 3938 1096 πορο

2355 1112 2562 1184 φυροῦς
2587 1111 2726 1183 ἔχων
2749 1115 2843 1168 ἐπὶ
2865 1115 2994 1178 τοὺς
3025 1114 3120 1169 δύο
3149 1115 3506 1186 ὠμοπλάτας,
3535 1120 3628 1170 ἐπὶ
3671 1119 3766 1170 τοῦ
3813 1120 3939 1188 στή-

2356 1201 2480 1264 οους
2514 1200 2571 1255 δέ
2598 1202 2690 1254 καὶ
2717 1203 2808 1254 ἐπὶ
2834 1202 2925 1256 τὸν
2951 1202 3154 1273 αὐχένα
3179 1205 3455 1273 αὐτὸφιον.
3479 1208 3674 1277 Σειρὰς
3708 1209 3803 1260 ἐπὶ
3832 1209 3940 1260 τῶν

2355 1293 2624 1364 πλευρῶν,
2653 1294 2747 1346 καὶ
2780 1295 2872 1347 ἐπὶ
2916 1295 3012 1348 τοῦ
3041 1297 3335 1367 τραχήλου,
3387 1299 3481 1350 καὶ
3541 1300 3634 1351 ἐπὶ
3680 1300 3788 1351 τῶν
3834 1318 3941 1369 μηο

2355 1386 2466 1455 ρῶν
2517 1386 2613 1440 καὶ
2665 1385 2994 1458 βραχιόνων
3026 1388 3088 1441 τὸ
3114 1387 3169 1442 δὲ
3199 1389 3370 1459 ὄνομα
3409 1390 3503 1444 τοῦ
3554 1391 3818 1461 βασιλέως
3849 1409 3940 1444 κε-

2355 1478 2672 1548 κρυμμένον
2715 1479 2774 1531 ἐν
2829 1479 2944 1541 τοῖς
3001 1477 3200 1533 ἔθνεσι.
3258 1480 3469 1550 Ὁμοιοῖ
3517 1482 3574 1536 δὲ
3614 1487 3678 1555 τῇ
3739 1485 3941 1556 ἐσχάτῃ

2353 1569 2539 1638 ἡμέρᾳ
2567 1572 2635 1639 τῇ
2692 1569 2915 1642 ἐϐδόμῃ.
2951 1570 3227 1641 Γράφεται
3255 1572 3311 1625 δὲ
3345 1574 3561 1627 mana
3589 1575 3684 1627 τοῦ
3721 1575 3940 1646 πρώτου

2354 1659 2684 1730 γράμματος
2746 1663 2805 1714 ἐν
2863 1662 2942 1732 τῷ
3008 1663 3500 1738 ὀκτωκαιδεκάτῳ,
3569 1667 3687 1736 ἦτοι
3747 1669 3805 1721 ἐν
3864 1669 3944 1738 τῷ

2356 1752 2755 1822 τριακοσιοστῷ
2820 1752 3041 1825 πρώτῳ.
3115 1755 3406 1810 Φυλάττων
3473 1758 3807 1824 θεοσέϐειαν,
3851 1763 3944 1814 καὶ

675 1859 839 1921 ponet
898 1849 1161 1905 Dominus
1239 1863 1460 1903 manum
1543 1863 1701 1902 suam
1778 1849 1830 1900 in
1885 1848 2066 1917 capite
2127 1847 2248 1915 ejus

2358 1844 2693 1915 προφητείαν
2713 1861 2727 1876 ·
2755 1845 2817 1899 ὃν
2864 1846 3083 1901 ἐδόκουν
3113 1847 3165 1900 οί
3195 1849 3474 1920 ἄνθρωποι
3499 1851 3574 1915 ὡς
3618 1853 3770 1906 οὐδὲν
3793 1854 3943 1918 ὄντα,

677 1945 940 2013 illumque
991 1943 1113 1996 oleo
1178 1951 1348 2011 unget
1397 1942 1453 1995 in
1506 1939 1782 2010 supremis
1831 1938 2050 2019 diebus,
2101 1939 2246 1994 unde

674 2046 868 2089 unctus
895 2032 1190 2088 seribetur.
1225 2031 1547 2099 Egredietur
1570 2046 1634 2086 ex
1671 2030 1982 2093 lsmaelitis,
2005 2039 2057 2084 et
2083 2045 2248 2098 super

673 2144 771 2182 eos
827 2126 1250 2191 dominabitur;
1288 2127 1398 2180 illis
1442 2126 1588 2180 enim
1643 2125 1696 2178 in
1755 2125 1948 2179 diebus
1997 2123 2248 2178 homines

673 2225 1053 2281 conterentur,
1085 2217 1251 2271 facies
1313 2231 1442 2270 suas
1493 2216 1560 2269 ad
1609 2225 1807 2270 terram
1865 2223 2250 2284 prosternent,

677 2311 953 2378 pulverem
1005 2324 1171 2377 super
1221 2309 1400 2376 capita
1441 2321 1541 2362 sua
1596 2305 1897 2370 effundent,
1949 2307 2252 2362 clamantes

674 2401 741 2454 ad
779 2399 1068 2454 Dominum
1096 2399 1219 2454 coeli
1253 2407 1307 2453 et
1335 2407 1514 2453 terrm.
1564 2396 1719 2451 Tune
1754 2397 2012 2452 exaudiet
2069 2395 2253 2450 Domi-

677 2510 779 2548 ons
823 2507 1015 2562 preces
1045 2506 1259 2554 eorum,
1310 2507 1472 2546 aures
1509 2491 1574 2546 ad
1619 2491 1828 2545 incolas
1875 2503 2034 2545 terrm
2090 2489 2252 2544 incli-

676 2599 834 2649 nans,
865 2596 1135 2650 suumque
1161 2582 1264 2636 sub
1293 2581 1531 2635 humana
1581 2581 1755 2636 forma
1788 2583 1970 2636 mittet
2017 2581 2253 2636 archan-

675 2675 880 2744 gelum,
919 2673 1038 2743 qui,
1072 2681 1364 2742 postquam
1396 2688 1493 2741 per
1529 2673 1740 2728 insulas
1776 2681 2030 2728 versatus
2063 2672 2252 2734 fuerit,

679 2764 925 2819 inveniet
977 2772 1254 2826 sanctum,
1310 2770 1548 2816 mactum
1605 2763 1903 2829 hominem,
1952 2763 2089 2818 nulli
2150 2763 2254 2817 ho-

679 2857 812 2910 mini
849 2857 1053 2917 visum,
1093 2857 1227 2911 nulli
1259 2857 1543 2928 cognitum
1587 2874 1602 2923 ;
1635 2858 1825 2914 utilem
1868 2866 1923 2914 et
1951 2858 2202 2912 inutilem
2238 2874 2254 2924 ;

679 2948 989 3003 mendicum
1043 2957 1099 3004 et
1150 2963 1259 3003 non
1300 2965 1572 3019 egenum;
1612 2949 2031 3006 misericordem
2064 2957 2119 3003 et
2153 2947 2257 3002 mi-

678 3041 1038 3095 sericordiam
1095 3049 1454 3107 moventem;
1509 3041 1716 3096 nudum
1767 3050 1822 3096 et
1857 3041 1971 3094 lino
2017 3040 2259 3110 pretioso

679 3136 986 3198 vestitum;
1029 3151 1262 3206 corpore
1333 3144 1610 3191 mortuum
1677 3146 1733 3192 et
1810 3135 1994 3189 valido
2061 3134 2257 3205 spiritu

683 3233 1000 3294 viventem;
1061 3245 1257 3283 sanum
1317 3236 1370 3284 et
1428 3228 2138 3298 iulirmum;imperantem
2202 3239 2260 3281 et

683 3320 814 3373 nihil
850 3321 1217 3388 proﬁcientem
1258 3337 1276 3386 ;
1319 3321 1566 3390 ignarum
1602 3329 1659 3375 et
1711 3321 1881 3373 multa
1938 3320 2203 3374 scientem
2243 3335 2258 3383 ;

681 3412 940 3467 omnibus
1002 3412 1300 3466 obscurum
1384 3413 1770 3482 ignotumque,
1816 3409 1926 3466 Deo
1969 3417 2154 3463 autem
2207 3417 2262 3464 et

683 3501 793 3553 sibi
821 3499 1214 3566 manifestum;
1241 3502 1426 3555 servili
1458 3500 1776 3555 conditione
1824 3501 2122 3562 viventem,
2161 3500 2259 3554 sed

683 3606 879 3659 grttcre
914 3591 1180 3660 imperiali
1213 3600 1392 3644 ortum
1421 3590 1804 3660 ;imperatoris
1829 3589 2019 3655 lilium,
2049 3590 2261 3659 ipsum-

683 3698 792 3750 que
843 3683 1031 3751 gloria:
1083 3683 1494 3752 imperatorem.
1544 3680 1767 3737 Sedebit
1798 3691 1981 3736 autem
2023 3683 2078 3736 in
2133 3696 2262 3735 arce.

687 3775 955 3845 Byzantii,
1017 3775 1176 3845 longe
1214 3775 1284 3828 ab
1315 3773 1652 3829 occidentali
1703 3785 1880 3843 porta,
1919 3775 1974 3828 in
2008 3775 2261 3843 sigmatis

684 3867 930 3936 regione.
1007 3864 1159 3921 Illius
1211 3864 1467 3920 educatio
1511 3881 1579 3920 ex
1640 3865 1929 3919 nativitate
1977 3865 2261 3936 octOginta

684 3960 928 4013 calculos
976 3958 1183 4012 habens
1242 3972 1438 4012 nomen
1479 3957 1620 4025 ejus.
1677 3957 1772 4012 Est
1804 3955 1950 4011 enim
1985 3971 2014 4009 a
2052 3955 2264 4010 duode-

686 4050 825 4102 rima
859 4049 1042 4104 littera
1080 4066 1094 4114 ;
1123 4048 1356 4102 alterum
1393 4056 1577 4101 autem
1609 4063 1636 4100 a
1665 4047 1847 4117 prima
1892 4047 2074 4102 littera
2121 4047 2265 4102 scri-

693 4141 844 4193 bitur
893 4141 946 4193 in
1006 4138 1174 4193 verbo
1227 4137 1706 4208 ὀκτωκαιδεκάτῳ.
1751 4136 1867 4191 Erit
1921 4136 2265 4192 assimilatus

694 4231 805 4284 Deo
859 4231 1167 4285 Altissimo.
1209 4229 1357 4283 l'atri
1411 4229 1532 4298 ejus
1591 4245 1790 4284 nomen
1840 4227 2108 4283 divinum.
2158 4229 2262 4284 Cui

691 4322 1020 4393 profundum
1057 4324 1353 4394 ingenium.
1389 4321 1519 4377 Siue
1544 4330 1697 4391 patre
1713 4331 1798 4376 est
1825 4329 1879 4376 et
1912 4323 2032 4378 sine
2060 4333 2260 4389 matre,

690 4417 811 4470 sine
841 4415 1180 4486 genealogia.
1237 4414 1412 4469 Simul
1462 4422 1517 4467 et
1569 4431 1633 4468 ex
1685 4430 1795 4468 una
1842 4430 2014 4470 uxore
2064 4415 2268 4471 liberos

2348 1936 2444 1988 καὶ
2475 1939 2555 2000 εἰς
2608 1937 2763 1991 οὐδὲν
2813 1939 3239 2010 χρησιμεύοντα.
3286 1943 3570 2014 Ἐπιθήσει
3611 1946 3814 2015 Κύριος
3848 1946 3946 2011 τὴν

2349 2031 2510 2100 χεῖρα
2542 2029 2706 2082 αὑτοῦ
2733 2031 2829 2084 ἐπὶ
2854 2030 2953 2102 τὴν
2979 2033 3226 2104 κορυφὴν
3259 2034 3448 2099 αὑτοῦ,
3492 2037 3586 2089 καὶ
3629 2038 3809 2107 χρίσει
3842 2039 3944 2090 αὖ·

2348 2119 2440 2173 τὸν
2471 2121 2646 2175 ἔλαιον
2678 2125 2756 2186 είς
2781 2122 2848 2176 τὰ
2891 2124 3018 2189 τέλη
3054 2125 3163 2179 τῶν
3191 2126 3433 2198 ήμερῶν,
3469 2128 3526 2192 ὃς
3563 2130 3946 2199 γραφθήσεται

2359 2211 2714 2283 ἠλειμμένος,
2741 2215 2834 2268 καὶ
2865 2215 3207 2280 ἐξελεύσεται
3238 2220 3380 2272 κατὰ
3417 2221 3524 2273 τῶν
3567 2221 3943 2292 Ἰσμαηλιτῶν.

2353 2304 2462 2356 Καὶ
2493 2307 2758 2375 κρατήσει
2789 2308 3008 2372 αὐτοὺς,
3043 2309 3127 2361 ὅτι
3157 2310 3214 2362 ἐν
3263 2313 3382 2373 ταῖς
3408 2311 3646 2382 ἡμέραις
3699 2312 3946 2376 ἐκείναις

2354 2395 2705 2466 ολιὸήσονται
2734 2400 2784 2452 oi
2818 2398 3120 2472 ἄνθρωποι.
3169 2402 3262 2455 καὶ
3296 2403 3527 2458 δώσουσι
3572 2405 3641 2457 τὰ
3679 2406 3947 2476 πρόσωπα

2355 2488 2536 2540 αὐτῶν
2564 2489 2657 2542 ἐπὶ
2691 2491 2789 2559 τῆς
2839 2492 2959 2561 γῆς,
2998 2494 3094 2545 καὶ
3126 2494 3254 2562 χοῦν
3305 2495 3546 2548 πάσουσν
3582 2497 3676 2549 ἐπὶ
3722 2498 3824 2559 τὰς
3857 2515 3946 2551 κεν

2355 2580 2532 2648 φαλὰς
2581 2581 2785 2648 αὐτῶν,
2841 2584 2939 2637 καὶ
2978 2583 3234 2654 βοήσουσι
3292 2588 3426 2654 πρὸς
3459 2588 3664 2659 Κύριον
3689 2589 3783 2641 τὸν
3817 2589 3949 2642 Θεὸν

2354 2670 2450 2724 τοῦ
2483 2672 2714 2743 οὐρανοῦ
2772 2674 2867 2726 καὶ
2923 2674 3024 2744 τῆς
3063 2676 3185 2744 γῆς,
3229 2676 3328 2730 καὶ
3378 2678 3500 2730 τότε
3569 2679 3948 2732 είσακοὺτεται

2355 2761 2564 2833 Κύριος
2606 2763 2706 2834 τῆς
2748 2764 2987 2835 δεήσεως
3041 2768 3240 2833 αὐτῶν,
3273 2768 3368 2821 καὶ
3419 2769 3576 2840 θήσει
3613 2771 3681 2823 τὰ
3707 2764 3824 2824 ὦτα
3859 2772 3950 2824 ἐπὶ

2355 2853 2482 2916 τοὺς
2507 2852 2897 2917 κατοικοῦντας
2925 2854 3024 2924 τὴν
3069 2857 3172 2926 γῆν
3194 2899 3208 2922 ,
3243 2857 3341 2911 καὶ
3372 2859 3660 2911 ἀποπτελεῖ
3699 2861 3791 2912 τὸν
3817 2863 3949 2930 ἀρχ.

2359 2941 2589 3011 ἄγγελον
2623 2944 2789 2998 αὑτοῦ
2821 2946 2879 2999 ἐν
2911 2949 3154 3018 σχήματι
3196 2947 3484 3019 ἀνθρώπου
3506 2991 3520 3012 ,
3557 2951 3652 3002 καὶ
3689 2951 3947 3022 αὐλισθῆ-

2363 3052 2518 3089 σεται
2552 3038 2611 3090 ὲν
2673 3040 2796 3102 ταῖς
2859 3040 3049 3109 νήσοις
3084 3041 3217 3112 (55).
3263 3043 3374 3095 Καὶ
3402 3043 3622 3112 εὑρήσει
3649 3043 3743 3096 τὸ)
3796 3044 3950 3111 ἅγιον

2363 3127 2552 3190 αὑτοῦ,
2583 3128 2675 3180 τὸν
2700 3128 3030 3200 ἡλειμμένον
3056 3132 3186 3203 παρ’
3224 3132 3437 3196 οὐδενὸς
3473 3133 3828 3204 βλεπόμενον,
3858 3136 3950 3188 καὶ

2365 3219 2518 3289 παρὰ
2553 3220 2780 3290 μηδενὸς
2819 3223 3236 3294 γνωριζόμενον,
3261 3225 3352 3277 τὸν
3390 3226 3624 3296 χρηστὸν
3656 3228 3751 3279 καὶ
3779 3227 3952 3298 ἄχρη-

2371 3326 2533 3373 στον,
2573 3311 2665 3364 τὸν
2688 3312 2904 3382 πτωχὸν
2944 3317 3038 3366 καὶ
3095 3315 3169 3384 μὴ
3199 3315 3596 3387 ὑστερούμενον
3645 3318 3756 3387 (56)
3781 3359 3797 3382 ,
3859 3321 3953 3373 τὸν

2340 3401 2644 3465 ἐλεοῦντα,
2695 3405 2789 3456 καὶ
2821 3404 3142 3475 ἐλεούμενον
3166 3448 3182 3472 ,
3210 3408 3302 3460 τὸν
3350 3409 3556 3478 γυμνὸν
3593 3411 3688 3463 καὶ
3722 3411 3953 3481 βύσσινα

2362 3493 2736 3564 ἠμφιεσμένον
2789 3495 2879 3549 τὸν
2917 3497 3110 3567 νεκρὸν
3175 3498 3304 3552 ὄντα
3332 3501 3410 3571 τῷ
3455 3501 3691 3572 σώματι,
3727 3503 3825 3556 καὶ
3873 3503 3956 3557 εὕ-

2364 3601 2534 3639 πνουν
2567 3587 2663 3640 καὶ
2705 3587 2884 3652 ζῶντα
2916 3589 2993 3659 τῷ
3032 3590 3306 3661 πνεύματι
3329 3609 3343 3623 ο
3387 3593 3445 3648 ’0
3475 3595 3659 3664 ἄρτιος
3699 3597 3793 3649 καὶ
3819 3598 3953 3648 κυλ-

2362 3677 2936 3751 λδς,ὀπροκατάρξας
2989 3682 3085 3735 καὶ
3140 3684 3220 3746 εἰς
3257 3683 3410 3737 οὐδὲν
3472 3689 3850 3757 χρησιμεύων.
3894 3690 3954 3740 '0

2364 3770 2536 3839 ἀδαὴς
2565 3771 2659 3824 καὶ
2689 3773 2860 3826 πολλὰ
2893 3773 3048 3838 εἰδώς
3080 3790 3093 3804 ·
3128 3775 3189 3828 '0
3219 3777 3333 3840 τοῖς
3361 3777 3496 3830 πᾶσι
3524 3779 3824 3844 σκοτεινὸς,
3856 3783 3956 3834 καὶ

2365 3862 2600 3932 ἀφανὴς,
2634 3862 2711 3934 τῷ
2740 3865 2796 3918 δὲ
2819 3864 2937 3936 Θεῷ
2975 3867 3069 3918 καὶ
3094 3867 3278 3936 ἐαυτῷ
3335 3870 3568 3941 φανερός
3586 3872 3641 3924 ’ὁ
3673 3873 3738 3923 ἐκ
3758 3873 3956 3941 μοίρας

2364 3955 2651 4027 δουλικῆς,
2678 3958 2771 4010 καὶ
2802 3959 2867 4010 ἐκ
2897 3958 3086 4026 γένους
3117 3959 3393 4030 βασιλικοῦ
3417 3963 3784 4032 καταγόμενος
3814 3965 3954 4034 (57),

2366 4044 2639 4111 Βασιλέως
2673 4048 2788 4112 υίὸς
2806 4049 2899 4101 καὶ
2931 4049 3094 4113 αὐτὸς
3126 4050 3381 4119 βασιλεὺς
3423 4053 3522 4122 τῆς
3548 4054 3706 4124 δόξης
3731 4073 3744 4085 ·
3769 4072 3958 4108 κατοι-

2368 4137 2481 4190 κῶν
2509 4138 2569 4190 ἐν
2599 4137 2678 4208 τῷ
2729 4139 2884 4210 ἄκρῳ
2930 4141 3030 4212 τῆς
3079 4141 3425 4208 Βυζαντίδος,
3453 4145 3563 4198 ἀπὸ
3591 4149 3691 4216 τῆς
3735 4146 3960 4216 δυτικῆς

2368 4229 2468 4295 τῆς
2519 4227 2726 4293 πόλεως
2790 4229 2965 4297 πύλης
2995 4230 3107 4300 (58)
3137 4232 3362 4302 πλησίον
3400 4235 3493 4287 τοῦ
3527 4235 3793 4303 σίγματος
3823 4237 3956 4306 (59).

2370 4317 2544 4371 Αὑτοῦ
2597 4320 2631 4388 ή
2674 4320 2954 4391 ἀνατροφή
3003 4322 3068 4374 ἐκ
3110 4322 3300 4390 γένους
3351 4325 3684 4392 ὀγδοήκοντα
3743 4329 3960 4397 ψήςτους

2371 4410 2509 4480 ἔχων
2538 4411 2597 4464 τὸ
2619 4411 2788 4481 ὄνομα
2819 4412 3005 4466 αὐτοῦ.
3039 4415 3194 4467 Ἐστι
3242 4415 3300 4468 δὲ
3330 4417 3423 4469 καὶ
3452 4417 3560 4470 ἀπὸ
3590 4416 3685 4470 τοῦ
3721 4417 3961 4470 δωδεκὰ-

689 4506 953 4575 suscepit,
990 4505 1130 4562 lilios
1159 4504 1379 4576 quidem
1421 4513 1474 4559 et
1512 4505 1674 4560 tilias.
1747 4505 1853 4559 Ista
1894 4516 2076 4560 autem
2123 4504 2253 4560 lihe-

2371 4519 2464 4555 του
2494 4502 2759 4573 στοιχείου
2781 4519 2794 4532 ⁸
2818 4505 2878 4558 τὸ
2903 4505 2960 4558 δὲ
3003 4505 3191 4575 ἕτερον
3225 4508 3496 4578 γράψεται
3535 4510 3644 4563 ἀπὸ
3679 4508 3776 4562 τοῦ
3809 4509 3960 4580 πρώ-

2171 4617 2402 4674 NOTAE.

759 4733 871 4804 (3'2)
908 4732 1144 4797 Πολιὸς,
1190 4733 1556 4804 πολυΐστωρ,
1588 4733 1688 4787 καί
1737 4731 1907 4801 μάλα
1932 4733 2127 4801 εἰδώς.
2168 4731 2270 4788 lic-

690 4808 853 4874 spicit
880 4804 946 4855 ad
982 4805 1114 4856 illud
1142 4803 1355 4857 oraculi
1397 4809 1525 4856 noni
1555 4819 1570 4857 :

769 4895 864 4958 Ὠς
897 4893 1052 4961 ἄγαν
1080 4893 1346 4961 πρέσϐυς
1374 4891 1472 4944 καί
1503 4890 1715 4956 πολιὸς
1741 4891 2033 4960 ἐχέφρων.

761 4985 875 5055 (55)
905 4983 1301 5050 Ῑιροορατικὸς
1331 4984 1426 5055 καί
1461 4983 1825 5055 προφητείας
1846 4983 2139 5050 μετέχων.
2167 4981 2273 5038 Re-

693 5053 856 5125 spi‘crt
885 5055 950 5108 ad
985 5056 1130 5108 hunc
1155 5054 1368 5107 oraculi
1395 5053 1590 5108 decimi
1631 5054 1776 5107 tertii
1810 5069 2022 5107 versum
2051 5069 2063 5106 :

767 5147 838 5201 Τὸ
866 5146 1100 5214 μέλ.ρίον
1128 5145 1422 5210 ὀξύτατον
1458 5145 1681 5200 εἰδέναι
1707 5144 1973 5215 μᾶλλον.

766 5239 878 5302 (Si)
916 5240 1128 5291 Ἔσται
1165 5238 1234 5290 δὲ
1278 5237 1472 5304 πραῢς
1514 5238 1613 5291 καί
1658 5236 2106 5306 φιλάνθρωπος,
2159 5246 2266 5294 etc.

699 5309 947 5378 Iiespicit
984 5308 1049 5361 ad
1079 5309 1212 5363 illud
1238 5310 1448 5363 oraculi
1471 5309 1667 5362 decimi
1704 5309 1852 5362 tertii
1885 5323 1897 5358 :

766 5400 1183 5468 Μηνόκρανον,
1204 5402 1508 5470 μείλιχον,
1545 5401 1764 5468 πραῢν,
1796 5400 2084 5469 ὐψίνουν.

772 5490 846 5559 (l)
875 5493 952 5545 An
982 5491 1345 5563 τρ;κόνδολος,
1369 5503 1446 5547 ter
1472 5493 1782 5547 articulatos
1825 5491 2021 5560 digitos
2061 5492 2273 5563 habens.

775 5564 886 5630 155)
922 5562 1028 5616 Καὶ
1079 5564 1518 5630 αὐλισθήσεται
1575 5563 1643 5616 ἐν
1682 5564 1811 5630 ταῖς
1866 5563 2104 5628 νήσοις.
2164 5562 2278 5618 lluc

709 5631 840 5686 facit
871 5634 960 5686 ille
987 5633 1114 5686 noni
1149 5634 1359 5686 oraculi
1393 5650 1583 5688 versus
1617 5650 1630 5686 :

789 5702 1014 5757 Ἐλθὼν
1044 5703 1112 5756 δὲ
1145 5705 1376 5769 δισσῶς
1420 5707 1524 5771 τὰς
1556 5705 1790 5772 νήσους
1831 5703 2272 5770 ἑπτατειιλίοινς.

2451 4732 2562 4802 (56)
2619 4731 2751 4803 Ter”
2776 4731 3019 4799 πτωχὸν
3056 4733 3177 4803 καιᾲ
3198 4734 3284 4802 μὴ
3335 4734 3807 4803 ὐστερούμενον.
3842 4735 3962 4792 lluc

2376 4801 2650 4876 pertinent
2701 4801 2790 4855 illa
2832 4803 3040 4856 oraculi
3072 4801 3347 4858 undecimi
3392 4801 3561 4859 verba
3595 4801 3608 4857 ξ
3648 4806 3682 4874 ἡ
3729 4808 3953 4876 πτωχοῦ

2374 4873 2762 4941 ἐπικράτησις.

2447 4961 2558 5030 (57)
2592 4961 2656 5032 _'0
2686 4961 2756 5013 ἐκ
2782 4961 2996 5029 μοίρας
3025 4959 3315 5032 δουκςκῆς
3368 4963 3467 5017 καί
3506 4963 3576 5017 ἐκ
3606 4963 3822 5032 γένους
3843 4968 3960 5031 ,Βα-

2374 5030 2616 5110 σιλικοῦ
2666 5035 3094 5101 καταγόμενος.
3154 5030 3274 5087 llue
3323 5035 3557 5104 pertinet
3604 5030 3696 5090 ille
3743 5030 3960 5092 oracul-

2375 5111 2516 5158 St:th
2551 5116 2740 5156 VCI‘SIIS
2768 5118 2782 5154 ε

2447 5194 2647 5258 Μόνος
2675 5193 2960 5262 ἀναχθείς
2989 5194 3058 5257 ἐξ
3087 5193 3435 5264 ἀνακτόρων
3457 5197 3700 5262 κλέους.

2451 5287 2562 5356 (58)
2600 5286 2736 5339 Ἀπὸ
2763 5284 2874 5353 τῆς
2899 5285 3154 5358 ᾇυτικῆς
3182 5286 3292 5354 τῆς
3316 5289 3550 5354 πόλεως
3578 5290 3806 5358 πύλης.
3840 5289 3960 5345 lluc

2375 5355 2512 5412 facit
2542 5357 2631 5411 ille
2653 5372 2847 5411 versus
2884 5355 3082 5411 decimi
3113 5359 3258 5411 tertii
3289 5361 3501 5413 oraculi
3535 5377 3548 5413 :

2454 5475 2652 5528 Ἀπιτε
2677 5472 2925 5542 σπουδῇ
2953 5473 3105 5542 πρὸς
3130 5472 3369 5541 δυσμὰς
3397 5472 3776 5544 ἐπταλόφου.

2455 5566 2569 5636 (59)
2607 5567 2880 5636 Πᾼησίον
2931 5565 3039 5619 τοῦ
3067 5567 3380 5634 vincat-oc.
3444 5567 3516 5623 De
3553 5569 3652 5625 hoc
3683 5571 3806 5626 loco
3838 5574 3956 5628 vide

2383 5623 2533 5694 meas
2551 5623 2632 5692 'ad
2660 5623 2928 5693 codinum
2962 5623 3365 5693 adnotatione-5'.
