4184 6440
240 465 376 526 11ίό

1117 473 1481 535 ORACULA.
1514 502 1577 511 —
1599 476 1798 537 ANDN
1810 478 1942 536 ΥΜΙ
1970 477 2509 539 PARAPHRASIS.

3352 481 3484 544 1146

234 592 328 627 του
386 578 712 649 γράμματος
763 584 821 634 ἐν
884 585 960 656 τῷ
1020 588 1491 661 ὀκτωκαιδεκάτῳ.
1540 591 1803 646 Ἐσταιόἓ

1924 608 2107 648 rerum
2151 596 2548 664 mulierumque
2609 595 2829 648 nomina
2863 606 3210 652 constanth
3261 597 3483 650 littteris

234 666 669 736 ἀφωμοιωμένος
703 671 781 741 τῷ
806 671 923 743 Θεῷ
954 676 1028 746 τῷ
1062 677 1292 749 ὑψίστῳ.
1324 680 1396 732 Τὸ
1426 681 1481 733 δὲ
1505 680 1675 751 ὄνομα
1718 683 1813 736 τοῦ

237 757 453 827 Πατρὸς
484 761 648 814 αὐτοῦ
684 763 951 830 θεῖον.”ος
980 771 1124 822 ἐστιν
1148 771 1365 839 ύψίνους
1390 791 1403 806 ·
1430 775 1543 828 ἔστι
1574 776 1631 829 δὲ
1659 776 1815 831 ἀπά-

234 865 376 921 τωρ,
394 852 647 923 ἀμήτωρ,
672 856 765 907 καὶ
792 857 1219 931 ἀγενεαλόγητος
1240 878 1253 891 ·
1275 864 1389 933 ἅμα
1407 866 1462 918 δὲ
1488 867 1582 919 καὶ
1599 870 1814 938 τρικόν-

232 941 391 1010 δηλος
407 945 537 1010 (59')
561 947 624 999 ἐκ
642 948 925 1012 συνουσίας
943 952 1136 1016 παῖδας
1152 957 1383 1026 ποιήσας
1412 961 1640 1025 γυναῖκα
1660 964 1811 1031 μίαν,

230 1033 359 1096 τοὺς
396 1036 493 1103 μὲν
516 1035 883 1107 ἄῤῥενας,τὰς
904 1041 958 1094 δὲ
980 1041 1219 1112 θηλείας.
1237 1047 1346 1100 Καὶ
1365 1050 1536 1101 ταῦτα
1558 1051 1662 1104 τῶν
1686 1053 1815 1106 παί-

226 1120 333 1173 δων
370 1124 461 1175 καὶ
503 1126 611 1178 τῶν
630 1129 903 1192 γυναικῶν
929 1132 993 1183 τά
1019 1133 1258 1202 ὀνόματα
1296 1135 1410 1205 ἅμα
1442 1145 1515 1207 μ’,
1538 1138 1612 1207 ξδ’,
1648 1140 1716 1209 γ’,
1742 1141 1811 1206 α’,

228 1216 300 1274 α’,
331 1209 402 1275 α’,
439 1220 470 1265 ι’
518 1215 627 1269 Καὶ
655 1218 806 1271 ἔσται
838 1220 893 1272 δὲ
934 1221 1068 1292 δῆλα
1099 1224 1272 1280 ταῦτα
1312 1229 1418 1281 ἀπὸ
1447 1231 1540 1282 τοῦ
1586 1234 1812 1303 σημείου

226 1301 322 1352 τοῦ
372 1302 557 1373 ὄνυχος
607 1307 699 1360 τοῦ
745 1308 920 1373 δεξιοῦ
982 1313 1181 1380 ποδός,
1223 1317 1316 1370 καὶ
1350 1319 1456 1371 ἀπὸ
1511 1322 1603 1375 τοῦ
1639 1301 1811 1387 δεξιοῦ

226 1392 506 1485 ὀφθαλμοῦ
536 1397 719 1464 αὐτοῦ,
753 1401 811 1462 ὃς
834 1403 950 1454 ἐστι
987 1406 1241 1470 στρεόλὺς
1264 1409 1540 1481 ὀφθαλμὸς
1570 1414 1669 1482 τῆς
1690 1432 1812 1485 πορ-

229 1483 398 1546 νείας.
460 1486 569 1539 Καὶ
618 1488 772 1555 ἅγιος
832 1490 908 1561 τῷ
956 1495 1179 1566 Κυρίῳ·
1222 1498 1406 1565 ἐλαίας
1449 1505 1588 1573 ἔχων
1636 1507 1712 1569 εἰς
1745 1483 1813 1559 τὰ

227 1572 376 1638 δεξιὰ
434 1577 596 1648 μέρη,
631 1580 708 1643 εἷς
737 1598 796 1634 τε
843 1583 904 1636 τὸ
962 1587 1260 1657 ύπομάζιον
1301 1605 1316 1622 ο
1353 1594 1445 1646 καὶ
1480 1596 1679 1663 μᾶλλον
1716 1598 1808 1650 10-3

227 1664 572 1732 ὠμοπλάτου,
631 1672 720 1723 ἐπί
765 1691 824 1725 τε
879 1675 970 1728 τοῦ
1030 1679 1206 1750 μηροῦ
1265 1685 1357 1737 καὶ
1396 1686 1487 1738 τοῦ
1526 1685 1683 1753 ὠτός,
1719 1691 1811 1741 καὶ

228 1753 319 1804 ἐπὶ
367 1755 687 1849 τήνῗδεξιὰν
733 1762 904 1834 ὀφρὺν
937 1765 1025 1819 διὰ
1073 1769 1133 1822 τὸ
1187 1772 1285 1842 τῆς
1314 1775 1681 1849 ὲλεημοσύνης
1716 1780 1812 1848 μὲ-

226 1861 375 1941 τρον.
416 1846 842 1921 Ἐξερυθραίνων
881 1858 953 1910 τὰ
986 1861 1131 1931 μήλα
1183 1866 1410 1936 χαρίεις.
1461 1846 1727 1941 Εὐμήκης
1751 1871 1811 1922 τὸ

1918 688 2240 741 notantibus
2302 703 2555 743 numeros
2620 689 2711 753 60,
2746 689 2799 753 ιι,
2847 689 2899 751 5,
2938 689 2990 752 1,
3035 691 3087 753 1,
3128 692 3179 752 1,
3214 688 3313 755 ΙΟς
3365 706 3484 758 quia:

1919 779 2207 833 manifesta
2255 788 2419 833 erunt
2451 796 2516 835 ex
2553 782 2739 849 unguli
2780 781 2933 850 pedis
2974 781 3148 836 dextri
3203 784 3382 853 signo,
3430 795 3487 838 ct

1917 885 1981 923 ex
2053 871 2249 926 dextro
2302 873 2484 933 oculo,
2547 874 2640 941 qui
2709 882 2796 926 est
2858 883 3118 928 versutus
3176 874 3482 928 meretricis

1918 962 2135 1017 oculus.
2177 960 2416 1015 Sanctus
2447 971 2573 1017 ante
2609 963 2772 1016 Deum
2805 972 2909 1016 est.
2937 961 3125 1016 Olivas
3176 962 3383 1017 habens
3426 963 3481 1016 in

1922 1056 2111 1110 dextra
2160 1056 2414 1125 corporis
2453 1064 2629 1125 parte,
2666 1056 2855 1109 subter
2903 1056 3195 1119 mamillas,
3250 1071 3483 1124 pi-aaser-

1932 1148 2029 1202 tim
2078 1147 2132 1201 in
2189 1146 2462 1216 omoplata
2497 1146 2561 1216 (?)
2589 1147 2841 1210 Femore,
2879 1161 3030 1209 aure,
3056 1158 3108 1201 et
3140 1146 3206 1200 ad
3229 1146 3482 1201 dextrum

1915 1238 2272 1310 supercilium
2316 1242 2620 1293 secundum
2653 1238 3022 1293 miserationis
3048 1238 3295 1308 gradum.
3341 1236 3484 1291 Sua-

1914 1333 2059 1385 viter
2073 1330 2227 1397 genis
2251 1329 2607 1384 erubescens.
2635 1326 2878 1397 Longum
2902 1329 2950 1383 ei
2975 1338 3216 1381 utentum
3241 1339 3483 1397 mystace

1914 1435 2261 1479 coronatum.
2283 1422 2547 1487 Blandus,
2580 1420 2891 1485 mellifluus,
2918 1422 3074 1490 nigro
3088 1421 3308 1488 capillo,
3334 1431 3484 1473 aute-

1916 1513 2060 1566 riore
2098 1511 2296 1580 capitis
2353 1518 2509 1579 parte
2564 1510 2776 1574 calvus,
2836 1524 3023 1571 senex,
3059 1509 3251 1570 victor,
3289 1518 3484 1561 trium—-

1915 1600 2109 1671 phans.
2145 1599 2254 1655 Rex
2286 1616 2471 1670 regum
2504 1602 2765 1670 optimus.
2812 1598 3074 1655 llabitans
3105 1601 3157 1654 in
3191 1601 3481 1670 tetrapylo,

1916 1694 1968 1743 in
2045 1690 2353 1744 humidiore
2413 1691 2665 1761 sigmatis
2721 1698 2894 1758 parte,
2957 1690 3011 1743 in
3070 1691 3239 1743 maris
3297 1690 3481 1744 littore

1925 1796 2159 1851 aquoso,
2210 1780 2471 1835 inferiore
2500 1789 2554 1833 et
2585 1793 2832 1834 cmuoso.
2866 1779 2947 1833 Illi
2982 1780 3280 1848 egredienti
3334 1780 3480 1834 foras

1913 1874 2032 1927 duae
2070 1879 2263 1942 portat,
2316 1888 2421 1925 una
2456 1871 2675 1942 quidem
2723 1885 2912 1934 aurea,
2957 1872 3127 1925 altera
3173 1870 3319 1939 ligno
3350 1886 3479 1924 cene

230 1936 436 2001 γένειον
464 1941 892 2013 μεσηλιωμὲνον,
909 1947 1045 2018 ἔχων
1070 1953 1165 2023 τήν
1186 1955 1393 2026 ὑπήνην
1412 1959 1526 2027 ᾶμα
1543 1964 1607 2031 τῇ
1626 1964 1803 2032 κρατί.

1915 1965 2037 2018 flata
2100 1973 2419 2032 armataque
2466 1964 2529 2033 (2’)
2579 1962 2775 2018 Omnia
2838 1979 3058 2019 sursum
3113 1964 3481 2033 deorsumque

226 2026 483 2125 Μείλιχος
533 2032 881 2125 μελισταγὴς,
939 2043 1229 2114 μελάθριξ,
1279 2026 1677 2117 ἀναφάλαντος,
1712 2072 1803 2125 γη·

1913 2057 2070 2125 νόγία
2102 2026 2411 2125 suspendit.
2448 2026 2953 2109 lii-tabernaculum
2989 2053 3206 2110 duabus
3228 2026 3475 2108 clausum

230 2118 401 2215 ραιζς,
422 2124 667 2193 νικητής,
694 2129 1072 2203 τροπαιοῦχος.
1110 2136 1277 2205 Ἀναξ
1293 2140 1540 2195 ἀνάκτων
1568 2144 1807 2215 ἄριστος.

1912 2149 2087 2219 portis
2147 2150 2201 2202 in
2262 2163 2364 2201 axe
2412 2146 2780 2201 vertentibus.
2834 2146 3095 2202 Dextrum
3141 2148 3302 2200 limen
3356 2148 3478 2215 pla-

227 2205 512 2309 Κατοικών
543 2216 1065 2309 εν.τῇ,τετραπύλῳ
1104 2227 1198 2280 ἐπὶ
1243 2231 1304 2283 τὸ
1341 2205 1673 2305 ψυχρότερον
1714 2205 1803 2306 μέ‹

1912 2256 2078 2303 nunt.
2115 2240 2543 2295 versicoloribus
2588 2249 2823 2295 stratum
2882 2240 3155 2309 lapidibus
3209 2246 3477 2308 quaterue

227 2317 320 2396 ρος
364 2301 458 2354 τοῦ
505 2304 788 2396 σίγματος,
821 2312 917 2364 καὶ
950 2316 1005 2367 ὲν
1044 2316 1121 2385 τῷ
1142 2320 1358 2391 νοτιαίῳ
1388 2301 1542 2394 μέρει
1583 2301 1680 2396 τῆς
1713 2301 1809 2381 θα·-

225 2390 452 2491 λάσσης,
474 2395 566 2491 καὶ
596 2398 654 2450 ὲν
692 2401 842 2472 τόπῳ
875 2406 1073 2477 ἀσήμῳ
1122 2411 1216 2463 καὶ
1257 2390 1580 2484 βορϐορώδει
1609 2390 1806 2491 δὲξερ-

224 2486 453 2582 χομένου
477 2487 540 2542 ὲκ
572 2493 669 2562 τής
694 2493 867 2565 πύλης
899 2499 997 2569 τῆς
1032 2502 1287 2571 χρυσέας,
1309 2508 1403 2559 καὶ
1433 2506 1528 2578 τῆς
1551 2486 1805 2582 ξυλοκέρ-

223 2591 354 2629 κου’
383 2579 560 2633 πάντα
610 2583 678 2636 τὰ
735 2586 1137 2658 ἀντακάταντα,
1196 2596 1467 2664 κατάντα,
1500 2601 1653 2670 νόγια
1679 2579 1806 2676 κρε-

225 2676 350 2762 μεῖ·
396 2675 457 2762 τὺ
492 2676 549 2729 δὲ
588 2680 848 2752 σκήνωμα
885 2684 1023 2755 ἔχων
1055 2689 1327 2760 ἡνωμένον
1358 2695 1419 2746 ἐκ
1457 2695 1549 2749 δύο
1585 2675 1805 2762 ἀξωπυ-

222 2759 351 2857 λῶν.
397 2761 649 2831 Ἠδεξιὰ
679 2770 780 2838 μὲν
828 2774 947 2837 ὁδὸς
984 2759 1232 2843 πλατεῖα,
1288 2783 1381 2836 καὶ
1428 2759 1799 2857 λιθόστρωτος,

222 2851 423 2949 έχουσι
483 2856 662 2924 λίθους
730 2862 893 2933 ξεφὺς
955 2869 1049 2921 καὶ
1107 2872 1496 2942 τετραδιαίους.
1538 2851 1803 2949 ὐιριὼδης

219 2945 593 3039 κείμενοςκαὶ
638 2950 906 3025 θηριώδης
939 2957 1129 3024 στύλος
1172 2963 1450 3035 τέταρτος,
1476 2968 1571 3019 καὶ
1613 2945 1803 3039 διφρο-

220 3034 391 3106 λάτης
444 3038 649 3113 θηλυκη
682 3043 894 3100 ἵσταται
929 3048 1185 3103 ἀπέναντι
1219 3034 1320 3121 τῆς
1376 3054 1581 3125 σκηνῆς
1610 3034 1796 3113 αὐτοῦ.

219 3127 331 3180 Καὶ
360 3135 551 3200 κρατεί
580 3135 839 3202 στέφανον
856 3139 1074 3206 κράζων
1094 3141 1190 3211 τήν
1220 3143 1387 3215 τύχην
1413 3146 1509 3200 τοῦ
1541 3148 1797 3202 ὲκλεκτοῦ

221 3217 507 3333 factitari.
536 3221 819 3333 :Artévavn
848 3230 946 3333 τῆς
978 3235 1181 3304 σκηνῆς
1206 3235 1370 3288 αὐτοῦ
1402 3238 1600 3308 ἵδρυμα
1635 3241 1795 3294 θεαν⁶
1822 3270 1867 3333 c

217 3308 402 3378 δρικὸν
465 3310 741 3383 θυόμενον,
786 3320 881 3370 καὶ⁵
936 3323 1452 3393 προσκυνούμενον,
1485 3329 1577 3380 ὑπ’
1626 3330 1792 3384 αὑτοῦ

216 3398 357 3468 ἔχων
408 3398 584 3471 ζώνην
637 3405 806 3472 μίαν·
847 3408 941 3461 καὶ
992 3410 1053 3462 τὸ
1098 3411 1268 3482 ὄνομα
1325 3415 1489 3470 αὑτοῦ
1536 3418 1793 3485 γλυπτόν.

213 3491 401 3560 Φέρων
433 3509 491 3546 τε
517 3496 607 3548 τὸν
664 3497 919 3569 πόλεμον,
963 3504 1056 3555 καὶ
1108 3504 1217 3557 τῶν
1261 3504 1465 3569 ξανθῶν
1494 3510 1590 3572 τὰς
1621 3528 1796 3581 μηχα-

214 3584 311 3646 vi;
335 3584 482 3655 (60),
525 3588 622 3650 τὰς
690 3590 874 3659 χύσεις
923 3592 1031 3646 τῶν
1069 3597 1315 3666 αἱμάτων
1357 3600 1470 3670 (61)
1522 3603 1603 3666 είς
1648 3605 1795 3657 κυλί-

212 3693 334 3728 κιον
368 3679 423 3731 ἐν
453 3682 518 3751 τῇ
550 3684 619 3751 γῇ
642 3684 1001 3755 ἐστρωμένον.
1022 3689 1199 3759 ’Έχων
1224 3691 1337 3763 ςὲπὶ
1389 3693 1484 3746 τοῦ
1514 3697 1664 3748 νότου
1702 3697 1793 3751 τὸν

213 3769 453 3839 ἄρχοντα
500 3773 606 3826 τῶν
653 3774 877 3846 θηρίων,
929 3780 1022 3833 καὶ
1071 3782 1164 3835 ἐπὶ
1186 3782 1279 3836 τοῦ
1325 3786 1554 3854 στήθους
1581 3787 1671 3841 τὸν
1701 3789 1792 3842 τοῦ

215 3861 450 3931 στρατοῦ
478 3865 666 3922 τύπον.
697 3868 991 3940 Εὐωνύμου
1018 3871 1076 3925 δὲ
1107 3874 1304 3944 μέρους
1324 3877 1418 3929 τοῦ
1438 3880 1793 3949 πηνώματος

212 3952 378 4004 αὑτοῦ
405 3953 520 4017 ὁδὸς
558 3958 897 4028 ὲστενωμένη
923 3999 937 4024 ,
973 3964 1213 4037 ρυμίσκη
1237 3983 1250 3996 ·
1278 3969 1372 4020 καὶ
1395 3968 1582 4034 ὓδατος
1612 3973 1792 4043 πλημ-

215 4044 382 4114 μύρα,
412 4046 504 4098 καὶ
537 4047 748 4116 βαθεῖα,
798 4054 893 4105 καὶ
941 4054 1381 4128 πλημμυροῦσα,
1426 4063 1520 4116 καὶ
1558 4065 1791 4135 ήχοῦσα,

211 4137 306 4229 καί
348 4140 719 4229 κυμαινόμενα
773 4144 863 4196 ἐπὶ
888 4146 986 4215 τὴν
1037 4150 1341 4220 ἀκρότομον
1391 4154 1663 4210 θάλασσαν
1690 4159 1790 4229 τῆς

211 4226 535 4320 ἐκταλόφου,
569 4233 662 4284 καὶ
686 4236 928 4305 ποταμὸς
979 4237 1322 4310 βρυχώμενος
1377 4245 1485 4297 ἀπὸ
1521 4247 1620 4316 τῆς
1652 4226 1793 4320 σιδῆ-

214 4318 312 4385 ρᾶς
333 4320 638 4410 ἀκροτόμου
669 4324 989 4381 ἀναδίδοται.
1027 4330 1125 4393 "0.;
1164 4333 1311 4386 ἐστιν
1341 4335 1582 4401 ὲλάτινος
1617 4318 1791 4410 πεφυζ

209 4409 443 4479 τευμένη
502 4414 559 4464 ὲν
600 4416 665 4484 τῇ
690 4416 857 4470 αὑτοῦ
909 4422 1195 4492 γεννήσει·
1223 4422 1361 4494 ἔχων
1416 4429 1787 4497 παρακλόνους

154 4578 155 4581 η
207 4500 395 4591 ἐπάνω
425 4503 602 4556 αὐτῶν
641 4505 750 4559 τῶν
794 4508 1072 4577 ἐλατίνων,
1133 4515 1293 4570 καλιὰ
1341 4518 1526 4589 ὀρνέου
1573 4521 1784 4591 ἐπέχων

1909 2334 2099 2388 ordine
2129 2333 2436 2403 dispositis.
2488 2331 2570 2386 Ad
2624 2331 2882 2385 draconis
2939 2333 3168 2384 formam
3221 2329 3475 2385 columna

1907 2437 2102 2497 quarta
2123 2434 2227 2481 est.
2266 2424 2500 2480 Currum
2528 2437 2694 2494 agens
2722 2424 2917 2477 mulier
2965 2434 3089 2477 ante
3152 2422 3478 2476 tabernacu-

1909 2520 2019 2573 lum
2039 2526 2161 2575 stat.
2195 2516 2369 2570 llomo
2412 2530 2672 2570 coronam
2722 2515 2780 2569 in
2830 2514 3013 2569 fronte
3061 2528 3258 2583 gerens
3303 2515 3477 2567 fortu-

1906 2625 2028 2663 nam
2048 2611 2207 2664 electi
2239 2609 2589 2679 imperatoris
2632 2607 2954 2677 proclamat.
2991 2606 3475 2662 Antetahernacu-

1906 2701 2016 2755 lum
2030 2710 2209 2755 statua
2236 2702 2327 2755 Dei
2344 2701 2586 2754 hominis
2606 2700 2870 2753 immolati
2888 2708 2941 2753 et
2957 2699 3191 2760 adorati,
3214 2714 3349 2751 zona
3368 2712 3475 2752 una

1906 2792 2109 2855 cincta,
2131 2790 2293 2859 cujus
2318 2804 2516 2843 nomen
2544 2788 2898 2858 insculptum.
2934 2786 3139 2841 Bellum
3172 2788 3477 2858 hellicaque

1902 2880 2164 2934 flavorum
2243 2878 2570 2948 populorum
2617 2885 2871 2943 exercet,
2923 2876 3211 2947 funditque
3258 2879 3475 2934 cruoris

1903 2975 1957 3027 iu
2001 2980 2162 3027 terrae
2211 2972 2460 3036 calicem,
2513 2970 2752 3025 ferarum
2784 2983 3052 3044 reginam
3120 2971 3174 3022 iu
3208 2968 3395 3031 dorso,
3419 2979 3474 3024 et

1900 3064 1955 3119 in
1980 3071 2203 3134 pectore
2230 3062 2355 3117 belli
2390 3063 2604 3131 signum
2645 3061 2855 3115 habens
2884 3060 3175 3114 deliueata.
3221 3060 3474 3115 Sinistra;

1898 3170 2030 3209 vero
2085 3164 2257 3225 porta:
2313 3154 2480 3207 limen
2548 3164 2789 3217 arcturo,
2852 3151 3153 3206 detersum.
3201 3150 3353 3206 Unda
3387 3168 3474 3208 re-

1898 3246 2152 3301 dundans
2219 3245 2529 3316 profunda.
2583 3259 2953 3314 magnumque
3021 3258 3225 3299 sonans
3272 3255 3470 3300 contra

1899 3348 2230 3409 praeruptum
2267 3336 2632 3407 scptemcollis
2659 3337 2809 3391 urbis
2840 3338 2991 3390 littus
3020 3337 3178 3390 irruit
3218 3338 3468 3405 rugiens-

1897 3445 2003 3500 que
2044 3430 2204 3499 longe
2222 3428 2389 3483 ﬂuctu
2425 3442 2453 3481 a
2479 3430 2595 3496 ripa
2647 3426 2820 3481 ferrea
2858 3426 3077 3496 refugit.
3102 3425 3268 3481 Pinus
3302 3436 3383 3482 est
3412 3428 3466 3482 in

1895 3520 2088 3574 eodem
2124 3534 2188 3574 ac
2222 3520 2311 3574 ille
2349 3528 2592 3588 tempore
2638 3526 2764 3572 nata
2791 3519 3049 3575 surculos
3070 3534 3133 3573 ex
3156 3519 3447 3574 altissimis

1895 3614 2063 3668 ramis
2086 3612 2361 3667 eniittens.
2391 3610 2602 3677 Quibus
2626 3614 2742 3666 avis
2762 3611 2924 3667 nidus
2954 3611 3174 3667 insidet.
3194 3613 3467 3682 Apparent

1896 3705 2188 3760 levissima:
2268 3704 2451 3759 avium
2533 3705 3028 3774 eolumbarnmque
3079 3704 3315 3773 species.
3386 3705 3464 3759 lbi

1893 3797 2063 3851 turris
2099 3795 2374 3853 altissima
2408 3803 2463 3851 et
2507 3796 2709 3850 mmnia
2767 3795 3131 3851 formidanda.
3183 3796 3262 3850 Illi
3294 3799 3468 3851 servit

1896 3889 2058 3945 homo
2092 3892 2250 3960 nigro
2297 3890 2622 3945 vestimento
2674 3889 2919 3943 indutus.
2965 3889 3311 3944 Miserantem
3358 3892 3464 3943 mi-

1894 3992 2167 4038 serantur.
2224 3982 2381 4036 lllum
2439 3984 2578 4037 male
2629 3982 2874 4036 dicerent
2926 3981 3311 4050 blanditer-em,
3367 3986 3462 4054 qui

1894 4076 2115 4146 preprie
2142 4074 2325 4143 lupus.
2359 4073 2418 4129 In
2451 4074 2641 4128 eodem
2677 4074 2873 4128 ordine
2914 4083 3172 4128 nascetur
3206 4076 3461 4141 lllustris,

1892 4174 2212 4220 servaturus
2241 4181 2460 4220 onmem
2498 4166 2757 4235 pietatem
2805 4182 3133 4236 omnemque
3165 4168 3461 4222 divinatio-

1894 4271 2039 4310 nem.
2075 4255 2191 4310 Non
2223 4257 2512 4326 prazfcctus
2554 4258 2859 4328 prophetis,
2902 4273 3082 4327 neque
3127 4258 3183 4312 in
3241 4260 3348 4313 ulla
3402 4275 3463 4313 re

1892 4346 2063 4410 utilis,
2093 4361 2254 4416 quem
2290 4346 2539 4401 homines
2566 4348 2945 4416 despiciebant
2990 4350 3147 4419 quasi
3184 4362 3458 4405 mortuum

1889 4434 2270 4505 inutilemque.
2355 4435 2637 4490 llevelabit
2706 4436 2849 4491 Deus
2910 4446 2964 4490 et
3019 4438 3229 4492 clarum
3295 4440 3459 4494 faciet

1889 4537 2115 4582 unctum
2138 4528 2193 4581 in
2227 4528 2435 4582 ultimis
2458 4528 2672 4590 diebus.
2713 4540 2937 4582 unctum
2966 4543 2994 4581 a
3032 4540 3218 4584 ventre
3261 4533 3454 4586 matris

207 4589 407 4695 λαμοο.
443 4594 623 4705 Ἕχων
661 4597 922 4667 βλαστοὺς
956 4607 1048 4657 καὶ
1084 4607 1227 4671 ιδέας
1250 4607 1474 4679 ὀρνέων,
1509 4613 1602 4665 καὶ
1628 4589 1782 4684 ne..-

1901 4619 2010 4673 )leo
2028 4626 2242 4673 sancto.
2270 4616 2361 4672 Sic
2390 4618 2831 4673 manifestabitur
2849 4634 2863 4671 :
2882 4620 3164 4688 apparebit
3183 4622 3333 4676 sidus
3359 4638 3452 4691 per

210 4688 450 4789 στερῶνί
484 4688 541 4738 ὲν
588 4688 763 4789 ᾧ.καὶ
815 4692 1022 4764 πύργος
1069 4698 1346 4765 μέγιστος,
1406 4703 1500 4755 καὶ
1547 4703 1786 4774 θηριώδη

1901 4728 1999 4767 .res
2057 4711 2176 4766 dies
2233 4720 2452 4780 tresque
2486 4711 2649 4767 horas
2686 4712 2887 4775 noctis,
2942 4712 3216 4767 interdum
3257 4729 3285 4767 a
3321 4716 3455 4783 (die

206 4779 384 4882 τείχη.
408 4779 832 4851 Διακονούμενος
864 4785 967 4839 ὑπὸ
1002 4790 1327 4858 μελανδύτου
1357 4808 1374 4824 ο
1409 4794 1574 4848 ἐλεῶν
1609 4813 1669 4849 τε
1698 4798 1791 4850 καὶ

1901 4802 2025 4856 ὀεῑο
2056 4801 2076 4870 )
2108 4800 2293 4855 Matris
2323 4800 2618 4867 Altissimi,
2652 4816 2760 4855 non
2788 4818 2892 4855 una
2931 4820 2960 4856 e
2993 4802 3216 4872 (notis)
3263 4779 3453 4874 plane-

208 4868 524 4965 ἐλεούμενος
551 4888 565 4903 '
590 4873 704 4928 ἐστι
732 4875 788 4929 δὲ
809 4877 1119 4949 δυσώνυμος
1147 4884 1372 4954 κήλησις
1397 4886 1561 4939 αὑτοῦ
1586 4886 1787 4959 θηριώ-

1910 4897 1975 4958 is,
2027 4912 2197 4965 usque
2224 4898 2289 4950 ad
2325 4897 2521 4952 festum
2572 4898 2835 4954 salutaris
2878 4897 3081 4954 Christi
3127 4902 3449 4956 nativitatis.

209 4976 378 5029 νυμος
413 4961 593 5028 λύκος,
620 4968 713 5019 καὶ
747 4970 884 5040 αὐτῇ
916 4973 980 5040 τῇ
1008 4972 1159 5039 τάξει
1205 4976 1447 5043 πέφυκεν
1486 4978 1784 5052 ίλούστριος

1901 4984 1947 5037 5t
1979 4985 1996 5053 (
2024 4984 2278 5039 audietur
2306 4986 2323 5054 )
2351 5001 2527 5056 praeco
2562 4988 2710 5041 clara
2740 5004 2869 5043 voce
2906 4992 3176 5055 clamans,
3210 4989 3451 5048 evocans

209 5060 497 5120 φυλάττειν
539 5060 719 5112 πᾶσαν
764 5060 1093 5129 θεοσέϐειαν,
1138 5065 1233 5117 καὶ
1306 5069 1658 5138 προφητείαν.
1692 5073 1780 5135 ,ού

1901 5085 1931 5126 :t
1962 5078 2208 5132 revelans
2236 5087 2533 5147 speratum.
2553 5079 2688 5133 Tum
2720 5081 2952 5149 populus
2980 5083 3170 5137 videns
3190 5084 3450 5139 audiens-

208 5145 616 5241 προςητάρξας,
682 5151 777 5204 καὶ
827 5154 906 5217 εἰς
934 5154 1097 5225 μηδὲν
1126 5158 1595 5227 χρησιμεύσας,δν
1625 5160 1776 5226 ἐξου-

1901 5183 1989 5236 ιιιε
2042 5178 2317 5223 tonantem
2372 5171 2640 5239 praaconis
2711 5186 2899 5227 vocem
2974 5176 3446 5241 commovebitur,

203 5234 394 5288 δένουν
420 5238 468 5290 οἱ
490 5238 765 5310 ἄνθρωποι
795 5243 869 5307 ὼς
901 5246 1092 5316 νεκρὸν
1118 5248 1267 5315 ὄντα,
1304 5250 1398 5302 καί¹
1434 5252 1601 5321 μηδὲν
1637 5270 1775 5324 χρη-

1901 5275 2219 5329 mrgensque
2270 5278 2391 5314 cum
2449 5262 2632 5316 laetitia
2669 5272 2724 5317 et
2760 5274 2904 5320 metu
2937 5281 2996 5320 se
3023 5277 3298 5335 speratum
3335 5282 3443 5320 non

209 5330 518 5398 σιμεύοντα.
566 5333 927 5406 Ἀποκαλύψει
964 5341 992 5392 ὁ
1031 5339 1162 5404 Θεὸς
1218 5341 1311 5396 καὶ
1352 5344 1657 5414 ἐμφανίσει,
1680 5350 1774 5402 καὶ

1906 5367 2115 5406 noscere
2187 5352 2447 5407 clamabit
2516 5370 2905 5425 ;omnesque,
2979 5366 3271 5428 postquam
3339 5359 3444 5413 fer-

1751 5484 1984 5544 ΝΟΤᾹΞ.

208 5588 413 5713 “ﬁt?
442 5590 526 5646 An
567 5592 931 5662 τρικόνδυλος,
982 5604 1062 5649 ter
1110 5599 1418 5656 articulalos
1460 5602 1649 5672 digitos
1674 5602 1770 5658 lia-

277 5726 403 5813 (tifll
422 5729 532 5783 Kal
560 5730 678 5786 τῶν
970 5737 1076 5804 τὰς
1096 5739 1392 5813 μηχανάς.
1447 5743 1563 5798 lluc
1596 5746 1765 5813 perti-

208 5799 632 5937 xime-versus
669 5807 883 5864 oraculi
910 5807 978 5865 de
1006 5799 1763 5872 resiit'u'tione'tleitstautino-

1963 5605 2138 5678 Ἀλλὰ
2159 5622 2231 5659 σε
2271 5608 2641 5670 πυρίστατον
2670 5609 2769 5662 καί
2804 5610 3029 5673 ξανθὸν
3050 5610 3245 5678 γένος.

1874 5674 2101 5729 Videtur
2130 5686 2311 5746 autem
2346 5679 2491 5746 loqui
2533 5680 2599 5730 de
2630 5677 2861 5733 Latinis.

1945 5745 2198 5820 (Gllng
2233 5745 2438 5814 χύσειζ
2462 5749 2581 5800 τῶν
2606 5750 2886 5817 αἱμάτων.
2925 5749 3168 5820 Respicit
3193 5751 3259 5806 ad
3294 5751 3441 5809 hunc

1876 5818 2079 5871 oraculi
2110 5820 2286 5870 octavi
2314 5833 2533 5871 versum
2562 5836 2575 5871 :
3036 5818 3051 5820 “
3221 5823 3229 5827 ’

1948 5886 2174 5957 Σφαγαὲ
2208 5889 2317 5956 γὰρ
2338 5888 2405 5941 ἑν
2430 5890 2528 5942 συὶ
2557 5891 2653 5945 καὶ
2691 5893 3017 5960 προχύσεις
3050 5893 3333 5964 αἱμάτων.
