4184 6440
697 352 830 418 ΗΠ
1957 356 2230 416 LEONIS
2260 357 2720 419 PHILOSOPIII
3653 389 3659 399 ·
3823 366 3958 430 1H8

696 475 888 520 venter
911 465 1270 520 clamaverint
1295 465 1492 537 Κύριε,
1519 465 1764 534 ἐλέησον,
1789 466 2034 520 vultibus
2069 476 2267 520 terram

2393 468 2552 536 ἷρίσει
2616 469 2777 524 αὐτὸν
2836 470 3018 524 ἔλαιον
3047 472 3128 535 εἰς
3182 473 3252 526 τὰ
3285 472 3413 542 τέλη
3445 473 3554 527 τῶν
3586 475 3848 546 ἡμερῶν·
3904 481 3960 540 ὃς

695 557 977 621 ferientes,
1015 557 1407 633 pulveremque
1447 573 1614 627 supra
1672 559 1851 628 capita
1897 558 2262 626 eﬂ‘undentes,

2393 575 2523 610 :sttv
2565 561 2894 631 ἡλειμμένος
2941 562 3050 616 ἀπδ
3088 565 3326 633 γαστρὸς
3366 565 3546 617 ἐλαίου
3569 565 3726 632 ἁγίου
3769 567 3956 622 αὑτοῦ.

698 657 920 719 propter
947 632 1324 704 imminentem
1353 649 1489 716 ipsis
1519 650 1933 704 tribulationem
1966 661 2183 721 gement
2215 663 2268 708 ct

2393 649 2928 722 Ἀποκαλυφθήσεται
2951 653 3005 706 δὲ
3038 654 3212 717 οὕτως
3232 670 3245 684 ·
3271 656 3569 726 φανήσεται
3599 658 3776 728 ἀστὴρ
3831 661 3961 730 ἠμέ-

695 741 924 805 flebunt,
954 739 1304 796 lnvocabitur
1331 741 1475 797 Deus
1499 745 1589 812 qui
1617 743 1849 811 benigne
1874 757 2062 812 preces
2079 759 2266 797 eorum

2393 759 2472 804 >ας
2524 745 2695 811 τρεῖς,
2736 743 2830 796 καὶ
2871 745 3064 809 νυκτὸς
3122 745 3271 815 ῶρας
3296 753 3366 813 γ¹,
3411 748 3575 816 μέσον
3610 748 3709 818 τῆς
3754 749 3960 812 πόλεως

697 833 988 900 suscipiet,
1049 842 1445 902 mansuetoqne
1486 834 1645 887 oculo
1677 842 1838 888 terrae
1871 835 2081 890 incolas
2123 835 2270 905 aspi-

2393 851 2444 886 ,ω
2466 833 2566 901 τῆς
2596 837 2818 906 Μητρὸς
2851 836 2945 888 τοῦ
2990 837 3268 906 Ὑψίστου.
3321 838 3379 890 '0
3404 839 3458 890 δὲ
3482 839 3656 910 ἀστὴρ
3683 841 3779 893 οὐκ
3815 841 3960 893 ἔστιν

693 925 804 975 ciet
847 939 864 987 ;
901 933 956 978 et
996 925 1141 978 inter
1181 938 1375 978 omnes
1425 924 1631 980 electos
1680 925 1890 980 electus
1917 935 2267 996 agnoscctur.

2393 943 2436 977 ;κ
2493 926 2601 978 τῶν
2651 927 2962 998 πλανήτων,
3000 929 3115 982 ἀλλ’
3151 929 3183 1000 ἢ
3217 930 3291 993 ὡς
3327 931 3580 999 ἐμφαίνει
3625 933 3704 994 εἰς
3732 932 3832 1001 τὴν
3859 949 3961 983 σω-

698 1011 984 1070 Videbitur
1012 1017 1063 1068 in
1098 1016 1238 1069 casio
1271 1031 1370 1084 per
1416 1017 1672 1071 nebulam
1711 1017 1866 1072 orbis
1903 1019 2059 1084 solis,
2109 1019 2272 1087 quasi

2393 1017 2558 1086 τήριον
2588 1019 2843 1089 γέννησιν
2873 1020 2964 1072 τοῦ
3005 1021 3264 1091 Χριστοῦ.
3312 1022 3422 1074 Καὶ⁵
3449 1021 3629 1092 κήρυξ
3666 1023 3803 1092 βοῶν
3831 1041 3959 1094 τρα-

693 1111 882 1164 aestiva
920 1125 1044 1164 arca
1083 1124 1179 1164 sex
1214 1110 1390 1165 bobus
1424 1113 1551 1165 trita
1600 1126 1835 1180 magnus
1870 1112 2005 1182 (61⁸)
2032 1111 2271 1167 lnlerius

2393 1109 2478 1170 id);
2511 1108 2622 1179 (6‘2)
2663 1124 2676 1141 ⁶
2722 1112 2781 1163 ἐν
2833 1114 2956 1174 ταῖς
3010 1113 3192 1183 τρισὶν
3254 1113 3490 1184 ἡμέραις
3547 1113 3831 1166 ἀνακαλῶν
3870 1115 3963 1166 καὶ

699 1209 880 1255 autem
927 1201 979 1254 in
1024 1215 1297 1269 suspenso
1347 1202 1514 1255 stabit
1548 1201 1849 1264 exercitus,
1896 1210 1950 1257 et
1984 1217 2013 1254 a
2049 1201 2270 1256 sinistra

2393 1201 2774 1256 ἱινακαλύπτων
2792 1203 2885 1256 τὸν
2911 1206 3284 1276 ἐλπιζόμενον.
3303 1207 3436 1260 Τότε
3461 1209 3487 1259 ὁ
3505 1207 3673 1274 δῆμος
3697 1207 3840 1275 ὁρῶν
3871 1209 3964 1261 καὶ

702 1294 937 1348 militum
997 1303 1430 1364 purpuratorum
1490 1309 1653 1348 arcus
1711 1303 1924 1357 tensus,
1986 1295 2165 1364 qualis
2219 1295 2273 1348 in

2393 1293 2588 1346 ικούων
2607 1295 2706 1366 τὴν
2737 1295 2832 1349 τοῦ
2863 1297 3218 1368 κηρύγματος
3254 1298 3525 1368 βροντώδη
3551 1298 3733 1368 φωνὴν
3767 1300 3944 1354 ὲκπλα

695 1387 861 1441 rebus
887 1389 1098 1442 nostris
1128 1389 1460 1442 constitutus
1493 1388 1593 1441 fuit
1616 1386 1682 1440 ad
1715 1396 2033 1456 perpetuum
2053 1387 2274 1442 fmderis

2393 1385 2664 1452 (ἡσονταιο
2701 1386 2796 1438 καὶ
2829 1384 3180 1454 ἐξεστηκότες
3199 1387 3315 1455 ἄμα
3344 1389 3408 1456 τῇ
3438 1387 3580 1455 χαρᾷ
3597 1386 3692 1438 καὶ
3711 1385 3790 1455 τῷ
3816 1385 3964 1455 φόϐῳ

699 1481 951 1548 perpetui
987 1481 1228 1546 signum.
1261 1479 1489 1531 Cunctis
1539 1491 1668 1530 wro
1709 1487 1987 1546 speratum
2024 1478 2274 1533 infician-

2393 1475 2476 1544 Ξοή
2488 1492 2669 1528 σουσιν
2690 1477 2904 1544 ἀγνοεῖν
2922 1479 3010 1531 τὸν
3035 1477 3406 1548 ἐλπιζόμενον·
3431 1478 3549 1531 τότε
3568 1477 3820 1546 ὁρώντων
3839 1478 3965 1530 πάν-

698 1571 846 1621 tibus
879 1568 1166 1636 frangetur
1210 1581 1373 1622 arcus
1406 1583 1474 1621 ex
1506 1567 1770 1620 inclinata
1821 1576 1976 1636 parte
2017 1585 2139 1638 quae
2187 1576 2273 1624 est

2393 1567 2618 1631 των,καὶ
2635 1568 2713 1634 τὸ,
2758 1568 2928 1640 Κύριε
2951 1610 2966 1633 ,
2989 1570 3231 1640 ἐλέησον,
3261 1570 3498 1641 θερμῶς,
3527 1570 3762 1632 ἐκτενῶς
3811 1570 3948 1639 βοῶν

701 1663 754 1716 in
788 1661 929 1714 coelo
982 1660 1269 1713 involucro
1305 1659 1709 1729 perfectissima
1743 1667 1795 1714 ct
1830 1660 2275 1714 manifestabitur

698 1754 752 1808 in
801 1753 1110 1806 structione
1156 1752 1354 1805 domus
1408 1751 1520 1803 veri
1573 1751 1945 1819 imperatoris.
1986 1750 2141 1804 Tunc
2180 1765 2278 1820 po-

2377 1675 2504 1712 των·
2535 1662 2628 1713 καὶ
2670 1663 2737 1714 ca
2773 1662 3004 1731 μέτωπα
3033 1662 3212 1714 αὐτῶν
3244 1664 3323 1724 εἷς
3349 1663 3447 1732 τὴν
3482 1661 3587 1732 γῆν
3613 1661 3963 1732 κρούσαντες,

2380 1753 2472 1804 καὶ
2502 1751 2630 1822 χοῦν
2657 1755 2736 1816 εἰς
2755 1754 2853 1816 τὰς
2877 1753 3119 1821 κεφαλὰς
3135 1753 3314 1807 αὐτῶν
3341 1755 3636 1816 πάσαντες,
3663 1755 3758 1805 καὶ
3786 1751 3968 1804 στενά-

697 1845 810 1914 puli
853 1844 1084 1914 gloriam
1128 1845 1251 1898 .Deo
1306 1842 1602 1897 reddentes
1647 1840 1714 1895 ad
1759 1857 1948 1897 arcum
2000 1857 2275 1897 summum

2393 1841 2572 1908 Ξαντες
2613 1844 2708 1896 καὶ
2761 1843 2970 1914 δάκρυα
2998 1847 3261 1914 κύσαντες
3290 1846 3379 1898 δια
3437 1847 3537 1916 τὴν
3589 1845 3853 1898 ἐπιοῦσαν
3881 1843 3950 1897 αὖ

695 1937 1026 1991 festinanter
1099 1943 1348 2002 current,
1393 1935 1870 2005 suscipientesque
1901 1935 2276 1990 venerandum

697 2031 1159 2100 grandaevumque
1221 2045 1404 2099 regem
1463 2044 1587 2081 cum
1648 2027 2015 2098 lampadibus,
2083 2029 2280 2100 palmis

697 2136 1003 2193 magnaque
1061 2137 1254 2191 pompa
1303 2120 1370 2192 [Ἰ]
1405 2120 1737 2191 (ὼφραδῶν),
1759 2129 1816 2174 ιιι
1848 2121 1928 2176 sic
1961 2122 2128 2176 rariis
2157 2137 2279 2176 cum

699 2214 1033 2268 testimoniis
1069 2215 1250 2267 ferant
1283 2215 1335 2266 in
1376 2227 1629 2281 magnam
1665 2213 1819 2266 Sion.

2377 1940 2489 2000 τοῖς
2552 1937 2751 2009 θλίψιν.
2804 1938 3299 2009 Παρακληθήσεται
3336 1938 3396 1990 τὸ
3429 1937 3570 1990 θεῖον
3605 1938 3697 1990 καὶ
3721 1934 3970 2005 εὐμενῶς

2379 2027 2731 2098 προσδέξεται
2779 2030 2876 2099 τὴν
2905 2030 3088 2100 δέησιν
3109 2030 3320 2084 αὐτῶν·
3355 2030 3448 2083 καὶ
3469 2029 3593 2100 ἱλέῳ
3622 2029 3834 2099 δμματι
3853 2031 3972 2081 επι-

2379 2119 2566 2189 ϐλέψει
2591 2122 2682 2174 ἐπὶ
2702 2125 2826 2184 τοὺς
2851 2121 3236 2184 κατοικοῦντας
3267 2123 3365 2191 τὴν
3383 2122 3488 2191 γῆν
3507 2137 3518 2151 ·
3541 2121 3630 2174 διά
3659 2122 3786 2183 τοὺς
3810 2137 3952 2174 κατα

2380 2213 2686 2283 ληφθέντας
2741 2215 2862 2267 τότε
2891 2215 3181 2278 ἐκλεκτοὺς
3206 2214 3580 2284 γνωσθήσεται
3612 2215 3640 2267 ὁ
3665 2213 3925 2277 ἐκλεκτός
3944 2227 3958 2242 ·

695 2308 1027 2379 δραθήσεται
1069 2309 1128 2359 ὲν
1164 2307 1242 2377 τῷ
1293 2307 1509 2377 οὐρανῷ
1567 2306 1800 2376 νεφῶδες
1857 2306 2143 2377 στερέωμα
2194 2307 2285 2360 τοῦ
2320 2307 2476 2378 ἡλίου
2502 2350 2516 2372 ,
2545 2309 2666 2379 ἔχον
2717 2307 2777 2360 τὸ
2828 2310 3055 2378 μέγεθος
3091 2311 3280 2378 ῶσπερ
3304 2309 3506 2372 ἅλωνος
3535 2309 3752 2379 θερινῆς
3782 2307 3973 2361 ἀλωῶν

696 2401 804 2453 τῶν
840 2400 998 2470 βωῶν
1050 2400 1130 2467 ἒξ,
1192 2400 1437 2453 κάτωθεν
1464 2399 1518 2451 δὲ
1567 2398 2008 2468 κρεμασθήσεται
2056 2398 2281 2468 στρατὸς
2316 2381 2614 2468 εὑῶνύμως
2639 2399 2696 2452 δὲ
2719 2399 2813 2452 τοῦ
2854 2401 3086 2470 στρατοῦ
3113 2400 3206 2453 τοῦ
3249 2400 3552 2469 πορφύρου,
3615 2399 3975 2469 ἐκτεταμένον

697 2489 870 2554 τόξον,
903 2486 1013 2542 οἷον
1043 2491 1248 2542 διέθετο
1280 2493 1393 2552 τοῖς
1448 2491 1768 2560 πράγμασιν
1794 2491 1951 2559 ἡμῶν
2005 2491 2085 2554 εἰς
2137 2491 2402 2562 διαθήκην
2457 2491 2700 2545 αἰώνιον·
2743 2493 3080 2559 ἀγνοούντων
3115 2493 3170 2546 δὲ
3205 2495 3422 2548 πάντων
3472 2493 3564 2544 τὸν
3593 2491 3974 2558 ἐλπιζόμενον,

696 2583 1172 2653 ἀνακλασθήσεται
1210 2581 1270 2635 τὸ
1309 2581 1462 2648 τόξον
1501 2583 1587 2636 διὰ
1611 2581 1703 2635 τοῦ
1740 2581 1994 2634 νωτιαίου
2027 2583 2226 2653 μέρους
2256 2585 2284 2637 ὅ
2309 2586 2457 2637 ἐστιν
2495 2585 2880 2654 εύτελούμενον
2936 2589 2992 2639 ἐν
3036 2585 3114 2654 τῷ
3158 2585 3411 2656 εῑλήματι
3442 2582 3537 2637 τοῦ
3585 2582 3842 2655 ούρανοῦ.
3871 2575 3982 2636 Καὶ

697 2674 1041 2744 δειχθήςεται
1075 2675 1139 2743 τῇ
1189 2673 1336 2725 θέσει
1367 2673 1465 2742 τῆς
1520 2673 1713 2735 καλιᾶς
1766 2673 1860 2727 τοῦ
1891 2673 2142 2744 ἀληθινοῦ
2196 2675 2458 2745 βασιλέως
2483 2691 2496 2706 ·

2534 2676 2655 2729 τότε
2695 2679 2741 2730 οἱ
2793 2679 2912 2730 λαοὶ
2977 2678 3156 2741 δόντες
3202 2678 3362 2743 δόξαν
3402 2677 3481 2747 τῷ
3532 2676 3651 2746 Θεῷ
3701 2675 3980 2746 δρομαεως

699 2764 1026 2816 σπεύσουσιν
1083 2762 1173 2814 ἐπὶ
1239 2761 1299 2814 τὸ
1347 2763 1516 2832 ἄκρον
1565 2761 1658 2815 τοῦ
1706 2763 1895 2829 τόξου’
1952 2765 2046 2816 καὶ
2114 2764 2370 2828 λαϐόντες
2420 2765 2512 2817 τὸν
2577 2766 2942 2836 πολυτίμητον
2994 2769 3086 2822 καὶ
3131 2768 3363 2840 γηραιὸν
3412 2765 3772 2838 ἁνακτορίδψ
3841 2764 3981 2836 μετά

696 2861 1019 2932 λαμπάδων,
1051 2859 1143 2914 καὶ
1174 2858 1362 2929 βαῖων,
1398 2860 1488 2913 καὶ
1519 2859 1786 2931 ὠφραδῶν
1811 2878 1824 2891 ·
1863 2861 1944 2914 ὅτι
1968 2861 2224 2926 ποικίλως
2254 2863 2462 2934 φερῶσι
2484 2862 2550 2916 ἂν
2574 2864 2736 2917 αὐτὸν
2755 2865 2812 2916 ἐν
2839 2867 2905 2936 τῇ
2935 2865 3143 2936 μεγάλῃ
3174 2863 3334 2919 Σιών.

770 2978 906 3033 Cum
952 2985 1133 3030 autem
1189 2978 1396 3029 venerit
1445 2990 1611 3029 verus
1663 2974 1963 3044 imperator
2018 2984 2143 3032 ante
2190 2976 2286 3030 do-

715 3085 864 3123 mum
917 3084 1069 3122 suam
1127 3067 1267 3142 inter
1323 3067 1458 3122 duas
1517 3067 1761 3136 apsides,
1812 3077 1866 3121 et
1930 3069 2110 3138 imago
2163 3068 2284 3136 ejus

2465 2981 2574 3034 Καὶ
2612 2981 2740 3033 ὅταν
2769 2979 2825 3031 δὲ
2879 2978 3007 3050 ἔλθῃ
3049 2979 3078 3030 ὁ
3112 2977 3363 3047 ἀληθινὸς
3404 2976 3656 3046 βασιλεὺς
3712 2978 3980 3032 ἀπέναντι

2391 3067 2488 3137 τῆς
2519 3068 2712 3130 καλιᾶς
2764 3065 2930 3119 αὑτοῦ
2983 3065 3257 3135 ἀναμέσον
3288 3063 3384 3117 δύο
3431 3066 3655 3134 ἀψίδων,
3698 3068 3796 3118 καὶ
3826 3067 3998 3121 ἰνδάλ-

706 3161 758 3213 in
822 3159 992 3210 altqu
1058 3155 1221 3210 fuerit
1275 3166 1495 3222 erecta,
1538 3157 1691 3213 sidus
1746 3158 1892 3228 quod
1954 3167 2286 3228 apparuerat

2393 3174 2557 3226 ματος
2605 3155 2830 3227 ὲφίψους
2862 3155 2972 3228 (65)
3021 3154 3332 3226 ἱσταμένου,
3366 3157 3395 3210 ό
3427 3156 3619 3224 φανεὶς
3660 3157 3840 3226 ἀστὴρ
3874 3158 3983 3211 ἀπὸ

707 3251 1019 3305 ell'undetur
1070 3250 1124 3302 in
1157 3250 1276 3318 ejus
1309 3265 1472 3303 manu
1506 3262 1559 3304 et
1601 3251 1754 3304 illum
1791 3251 2070 3320 spirituali
2120 3257 2286 3319 unget

704 3345 930 3400 lumine.
965 3341 1151 3397 Prmco
1173 3351 1351 3396 autem
1381 3356 1515 3396 voce
1547 3350 1769 3404 tonans,
1825 3341 1919 3395 sed
1977 3357 2083 3394 non
2116 3342 2284 3403 visus,

704 3455 734 3491 e
769 3438 910 3490 male
962 3437 1108 3489 dicet
1165 3436 1366 3504 populo
1402 3453 1415 3488 :
1448 3434 1623 3488 lslene
1681 3433 1835 3489 vobis
1882 3431 2105 3503 placet?
2136 3432 2288 3487 Tunc

705 3536 896 3580 omnes
929 3535 1094 3589 metu,
1120 3534 1376 3589 tremore,
1402 3533 1624 3594 stupore
1652 3525 2040 3593 corripientnr,
2068 3533 2289 3580 tonante

708 3619 977 3689 praeconis
1001 3632 1138 3672 voce
1169 3636 1182 3671 :
1217 3617 1291 3671 ita
1323 3627 1376 3670 ut
1401 3626 1624 3686 pectora
1650 3614 1941 3670 tundentes
1961 3631 2085 3670 cum
2115 3616 2288 3686 lacry-

710 3711 816 3766 tnis
874 3721 926 3765 et
961 3710 1278 3780 gemitibus,
1328 3724 1630 3778 manusque
1674 3708 1740 3762 ad
1792 3710 1992 3762 uelum
2043 3709 2290 3764 tollentes

710 3803 1085 3874 respondeant
1116 3820 1129 3854 :
1159 3801 1342 3868 Certe,
1403 3801 1650 3863 Domine,
1702 3801 1830 3870 quia
1881 3800 2097 3863 dedisti,
2131 3801 2290 3854 nobis

708 3898 762 3950 in
813 3895 988 3966 gratia
1031 3903 1114 3948 est
1148 3913 1163 3960 ;
1199 3902 1253 3947 ct
1289 3893 1466 3956 illum,
1503 3901 1789 3962 postquam
1814 3893 2160 3947 adoraverint
2185 3933 2200 3958 ,
2233 3894 2290 3947 in

708 4002 964 4056 magnam
1008 3985 1138 4038 Sion
1178 3985 1461 4039 inducent.
1497 3985 1675 4038 Porta:
1724 3994 1905 4038 autem
1933 4025 1947 4049 ,
1985 3999 2108 4038 cum
2169 3984 2291 4037 illas

708 4094 874 4132 orans
919 4078 1259 4146 sigillaveril,
1299 4077 1514 4131 cunctis
1545 4075 1859 4130 videntibus
1891 4076 2291 4145 orantibusque

709 4171 1046 4242 aperientur.
1106 4171 1208 4236 Qui
1292 4171 1401 4224 illic
1473 4179 1628 4225 erant
1698 4171 1932 4240 primum
2008 4170 2288 4224 conterriti

709 4261 965 4329 fugient;
1005 4263 1123 4326 sed,
1154 4271 1445 4333 postquam
1496 4263 1798 4328 oraverint,
1853 4262 1906 4313 in
1965 4261 2112 4316 celsa
2168 4261 2290 4314 loca

707 4363 1096 4418 revertentur,
1145 4369 1267 4408 eum
1320 4355 1702 4424 imperatorem
1758 4354 2081 4413 salutantes.
2129 4366 2290 4420 gene-

710 4442 788 4496 ris
835 4442 960 4511 jure
1017 4445 1395 4512 possidentem
1444 4462 1458 4510 ;
1504 4455 1557 4498 et
1610 4443 1810 4497 deinde
1863 4459 1986 4496 cum
2055 4441 2290 4495 canticis

711 4534 861 4587 illum
889 4544 1054 4589 noctu
1089 4536 1292 4591 ducent
1325 4536 1392 4590 ad
1427 4535 1715 4606 palatium,
1759 4533 1919 4602 cujus
1953 4533 2106 4602 signa
2169 4547 2289 4584 mu-

712 4625 998 4678 tabuntur.
1061 4622 1177 4677 Duo
1228 4633 1390 4678 erunt
1447 4624 1664 4678 itineris
1707 4621 1877 4676 duces
1927 4620 2126 4687 angeli,
2185 4618 2286 4670 bu-

717 4730 878 4768 mana
910 4717 1288 4771 cunuchorum
1312 4715 1503 4785 ﬁgura,
1533 4714 1780 4769 vestibus
1803 4713 1942 4766 albis
1965 4710 2163 4775 induti,
2189 4709 2283 4778 qui

711 4806 778 4858 ad
835 4822 996 4861 aures
1049 4807 1170 4877 ejus
1229 4807 1357 4876 quid
1409 4805 1717 4859 faciendum
1773 4803 1844 4857 sit
1893 4803 2284 4857 susurrabunt.

712 4895 866 4949 Multi
912 4905 1088 4949 autem
1153 4897 1207 4950 in
1266 4912 1391 4951 eum
1450 4911 1644 4950 manus
1723 4893 1953 4963 injicere
2011 4891 2283 4956 volentes,

714 4993 850 5046 visis
920 4993 1114 5064 signis,
1159 4993 1227 5047 ab
1287 4992 1495 5062 angelis
1534 4990 1998 5061 probibelmntur,
2028 4995 2081 5041 et
2135 4988 2278 5040 intra

714 5099 774 5138 se
825 5082 1009 5137 dicent
1056 5102 1070 5138 :
1120 5102 1137 5134 ι
1176 5082 1694 5154 Deibrnignitatem
1737 5097 1844 5135 non
1888 5078 2280 5133 intelleximus.

715 5173 959 5241 Propriis
1013 5175 1225 5229 catenis
1300 5174 1769 5244 constringimurg',
1829 5181 2144 5242 peccatores
2205 5171 2284 5224 le—

716 5265 876 5332 gibus
955 5266 1308 5332 reluctantes,
1385 5266 1489 5336 ipsi
1563 5265 1894 5334 inclytorum
1977 5263 2288 5325 nominum,

714 5367 768 5412 et
819 5358 1022 5414 tributa
1059 5373 1181 5413 cum
1238 5359 1420 5430 impiis
1473 5357 1854 5414 sacerdotibus
1911 5355 2218 5426 exigentes.
2257 5372 2275 5405 ι

2388 3249 2480 3303 τοῦ
2500 3249 2674 3314 δεξιοῦ
2696 3250 2893 3321 μέρους
2913 3249 3008 3302 τοῦ
3037 3247 3270 3319 στρατοῦ
3301 3249 3663 3319 ἐκχυθήσεται
3693 3251 3790 3304 καὶ
3819 3250 3983 3304 δώσει

2389 3343 2551 3396 αὑτὸν
2601 3343 2682 3406 εἰς
2712 3343 2809 3406 τὰς
2836 3345 3043 3413 χεῖρας,
3075 3342 3170 3395 καὶ
3203 3341 3382 3412 χρίσει
3421 3341 3584 3395 αὑτὸν
3621 3341 3736 3410 φῶς
3767 3345 3978 3413 νοερόν.

2391 3433 2502 3487 Καὶ
2534 3435 2562 3486 ὁ
2584 3433 2758 3505 κῆρυξ
2788 3432 3207 3506 βροντοφωνῶν,
3235 3433 3330 3486 καὶ
3358 3431 3432 3504 μὴ
3478 3433 3828 3502 φαινόμενος,
3875 3433 3985 3486 ἀπὸ

2389 3523 2482 3578 τοῦ
2527 3524 2758 3595 ούρανοῦ
2814 3525 2950 3597 πρὸς
2994 3524 3086 3578 τὸν
3131 3524 3259 3578 λαὸν
3319 3525 3470 3594 εῐπηο
3539 3525 3790 3594 ’Δρεστὸς
3854 3525 3983 3593 ὑμῖν

2390 3611 2545 3680 οὗτός
2575 3620 2728 3682 ἑστι;
2766 3617 2888 3671 τότε
2907 3619 3136 3688 λήψεται
3174 3617 3382 3680 πάντας
3411 3617 3594 3685 φόϐος,
3638 3618 3732 3670 καὶ
3785 3620 3985 3689 τρόμος

2392 3712 2487 3764 καὶ
2551 3710 2806 3774 ἔκστασις
2851 3713 2931 3773 εἰς
2970 3712 3068 3780 τὴν
3120 3708 3214 3763 τοῦ
3257 3703 3612 3780 κηρύγματος
3670 3708 3987 3778 βροντιαίαν

2393 3802 2598 3871 φωνήν.
2648 3802 2758 3855 Καὶ
2804 3795 2905 3853 εἶθ’
2933 3799 3110 3862 οὕτως
3177 3797 3474 3862 τύπτοντες
3515 3800 3584 3851 τὰ
3625 3798 3795 3869 στήθη
3847 3802 3986 3869 μετά

2391 3890 2643 3961 δακρύων
2692 3889 2788 3943 καὶ
2844 3890 3200 3958 στεναγμῶν,
3239 3897 3339 3952 τὰς
3387 3891 3574 3959 χεῖρας
3621 3890 3701 3952 εἰς
3753 3890 3986 3959 οὐρανὸν

2393 3983 2624 4052 ἄραντες
2661 3982 2856 4034 εἴπωσι
2878 3997 2891 4010 ο
2925 3981 3054 4046 Ναὶ,
3104 3981 3298 4052 Κύριε,
3321 3981 3404 4035 ὅτι
3439 3981 3504 4034 σὺ
3538 3979 3746 4044 ἔδωκας
3798 3983 3986 4048 αὐτὸν,

2392 4071 2621 4140 ἀρεστὸς
2659 4072 2794 4140 ἡμῖν
2824 4071 2939 4124 ἐστι
2961 4087 2975 4102 ο
3009 4072 3103 4125 καὶ
3133 4072 3610 4142 προσκυνήσαντες
3640 4073 3825 4137 αὑτὸν,
3856 4075 3991 4128 ἀνάο

2395 4161 2576 4227 ξουσιν
2616 4164 2778 4215 αὑτὸν
2822 4165 2900 4226 εἰς
2931 4163 3030 4234 τὴν
3091 4163 3333 4234 μεγάλην
3359 4163 3519 4218 Σιών.
3556 4165 3666 4217 Καὶ
3689 4167 3991 4235 προσευξά-

2398 4271 2577 4323 μενος,
2599 4258 2692 4308 καὶ
2731 4254 3040 4324 σφραγίσας
3079 4255 3179 4318 τὰς
3227 4255 3403 4318 πύλας
3449 4256 3866 4326 ἁνοιχθήσονται
3899 4259 3990 4310 εύ-

2397 4348 2753 4417 στρεμμένων
2776 4347 2992 4399 πάντων
3018 4348 3110 4400 καὶ
3145 4347 3397 4420 ὁρώντων
3419 4364 3432 4378 ⁶
3456 4349 3506 4401 οι
3553 4348 3610 4401 δὲ
3641 4349 3820 4402 ἐκεῖσε
3839 4351 3992 4413 ὄντες

2397 4439 2611 4506 φύγωσι
2667 4438 2806 4508 μετὰ
2844 4438 3043 4492 πολλοῦ
3066 4438 3162 4492 τοῦ
3197 4440 3386 4507 φόϐου,
3422 4441 3517 4494 καὶ
3555 4441 3993 4510 προσευξάμενοι

2401 4528 2833 4591 ἀναϐιϐάσαντες
2857 4529 2942 4598 ἐφ’
2975 4527 3178 4598 ὑψηλοῦ
3198 4529 3364 4582 τόπ>υ
3397 4529 3700 4583 καλέσωσιν
3730 4531 3864 4582 αὐτὸ
3895 4530 3993 4599 βα-

2400 4619 2550 4673 σιλέα
2580 4619 2776 4689 ἔχοντα
2808 4619 2969 4672 αὑτὸν
2995 4621 3060 4672 ὲκ
3096 4618 3288 4687 γένους
3311 4661 3324 4683 ,
3361 4616 3460 4672 εἶθ’
3501 4619 3673 4682 οὕτως
3707 4621 3993 4692 ὑμνήσαν-

2398 4728 2487 4773 τες
2520 4711 2961 4780 ὑποστρέψαντες
2983 4710 3188 4776 οἴκαδε,
3221 4712 3316 4764 καὶ
3357 4711 3531 4774 οὕτως
3564 4711 3785 4774 ἄξουσιν
3831 4716 3890 4766 ἐν
3917 4714 3996 4783 τῷ

2394 4803 2642 4874 παλατίῳ
2701 4805 2918 4868 νυκτὸς,
2967 4806 3060 4857 καὶ
3108 4801 3561 4874 ἀλλοιωθὴσονται
3613 4803 3683 4855 τὰ
3737 4809 3944 4874 σημεῖα
3978 4823 3994 4837 ο

2406 4895 2760 4965 ὐδηγὴσνυσι
2788 4895 2844 4948 δὲ
2871 4896 3033 4948 αὐτὸν
3065 4894 3160 4948 καὶ
3207 4893 3300 4947 δύο
3325 4893 3546 4963 ἄγγελοι
3592 4895 3650 4946 ὲν
3681 4893 3996 4964 ὁμοιώματι

2393 4988 2683 5058 ἀνθρώπου
2737 4988 3066 5060 λευκοφόρου
3104 4987 3394 5068 εὐνούχους
3427 4987 3523 5041 καὶ
3552 4988 3631 5049 εἰς
3655 4987 3723 5040 τὰ
3755 4981 3875 5040 ὦτα
3899 4989 3992 5040 αύ-

2397 5082 2489 5136 τοῦ
2515 5081 2804 5151 λαλήσουσι
2829 5082 2880 5134 τί
2905 5081 3089 5152 μέλλει
3115 5082 3391 5151 πράττειν.
3425 5077 3615 5133 Πολλοὶ
3635 5078 3693 5133 δὲ
3721 5079 3808 5132 ἐπ’
3834 5080 3998 5133 αὑτὸν

2401 5174 2733 5244 θελήσαντες
2758 5174 3035 5228 ἐπιϐαλεῖν
3082 5173 3183 5237 τὰς
3242 5173 3453 5243 χεῖρας,
3481 5171 3583 5225 οὐκ
3640 5171 3999 5223 ἐπιϐάλλουσι

2409 5268 2703 5338 βλέποντες
2731 5268 2797 5319 τὰ
2825 5269 3026 5336 σημεῖα
3057 5266 3155 5319 καὶ
3178 5265 3540 5336 κρατούμενοι
3563 5264 3668 5317 ὑπὸ
3695 5264 3805 5318 τῶν
3831 5265 3997 5331 ἀγγέ-

2404 5357 2516 5412 λων
2546 5360 2775 5411 εἴπωσιν
2792 5359 2848 5411 ἐν
2868 5359 3098 5421 ὲαυτοίςο
3120 5351 3196 5412 Οῦ
3223 5357 3492 5426 ἠκούομεν
3507 5354 3742 5426 χρηστὸν
3763 5355 3995 5426 Κυρίου.

2255 5487 2484 5546 NOTAE.

789 5607 921 5679 (6l')
946 5605 1448 5679 Vel,magnitudine
1469 5623 1606 5663 arere
1638 5607 1830 5662 mtiva:
1861 5621 1954 5661 sex
1979 5606 2140 5660 bobus
2164 5604 2304 5658 trita:

719 5695 1016 5817 Πίθμὲςεὶίαὶ
1049 5748 1244 5816 κήρυξ
1271 5747 1442 5814 ,βοῶν
1480 5747 1734 5818 τρανῶς.
1779 5749 1899 5806 Huc
1932 5747 2167 5820 pertinet
2213 5744 2308 5801 ille

721 5819 932 5874 oraculi
964 5821 1159 5877 decimi
1195 5821 1342 5876 tertii
1373 5835 1569 5878 versus
1599 5836 1616 5878 :

2495 5607 2702 5675 Κῆρυξ
2732 5605 2974 5675 ἀφανὴς
3002 5606 3129 5675 τρὶς
3152 5607 3479 5676 ἁνακρὰεει
3506 5605 3679 5675 μέτα.

2489 5673 2602 5747 (65)
2645 5673 3043 5742 Ἰνδάτιματος
3073 5673 3356 5746 ἐφίψουξν.
3409 5673 3723 5746 Lege-udum
3779 5673 3998 5747 videtur

2417 5745 2674 5818 ἐφίπτου.
2711 5749 2791 5800 vel
2826 5747 2910 5814 ἐφ’
2939 5745 3448 5818 ῦψουςίῑσταμένον,
3484 5745 3536 5802 id
3567 5755 3672 5813 est,
3720 5753 3780 5800 ut
3830 5745 3992 5813 paulo

2425 5828 2545 5888 post
2574 5822 2670 5885 ait,
2706 5819 2790 5886 ἐφ’
2827 5817 3032 5887 ὑψηλοῦ
3067 5819 3254 5873 τόπου.
