4200 6438
755 417 890 478 1159

2164 426 2499 484 ΑΝΟΝΥΝῘΙ

1182 564 3762 596 mw

3861 431 4008 492 llf-O

1845 731 2345 809 AUCTORIS
2422 741 2468 812 A
2490 738 2886 815 NUNYMI

1478 900 1584 959 Qll
1638 902 1954 952 CBEDITL'R
1982 902 2133 953 ESSE
2160 904 2541 958 FRANCISCUS
2585 909 2916 961 PATRICIUS
2953 911 3250 961 DALMATA

1144 1075 2171 1234 EXPOSITIO
2315 1081 3600 1245 ORACULORUM

1968 1351 2436 1409 IMPERATORIS
2492 1356 2740 1415 LEONIS

742 1498 833 1553 Uti
860 1515 926 1554 ex
949 1500 1130 1554 (ἔντιτο
1167 1504 1219 1555 in
1259 1502 1507 1555 Latinum
1534 1513 1581 1554 ct
1615 1505 1880 1572 rit/gorem
1916 1505 2112 1558 Italum
2146 1523 2434 1564 sermonem
2465 1514 2750 1577 translata,
2774 1529 2911 1566 mino
2941 1515 3096 1582 1596,
3138 1516 3335 1572 Brixim
3368 1519 3420 1572 in
3457 1519 3619 1574 lucem
3651 1521 3986 1588 prodierunt.

1078 1806 1576 1864 EPIGRMNATA
1620 1809 1902 1864 FIGURJI
1942 1812 1982 1866 l.

733 1901 794 1952 A.
837 1898 897 1952 In
945 1902 1112 1953 medio
1171 1905 1498 1972 geminorum
1554 1920 1852 1967 carrorum,
1894 1915 1941 1957 et
2001 1906 2296 1958 volatilium

805 1972 1115 2022 absumeris.

735 2035 790 2088 Β.
827 2037 891 2090 Et
936 2038 1223 2112 linearibus
1276 2042 1461 2109 ﬁguris
1507 2052 1696 2095 notans
1737 2051 1935 2109 tempus
1985 2045 2172 2112 quibus
2221 2061 2301 2097 re—

801 2110 1028 2162 manebit
1062 2113 1371 2177 patrimonii
1406 2112 1550 2177 ﬁnis,
1575 2128 1713 2165 urere
1739 2123 1911 2164 autent
1951 2110 2158 2167 euersor
2192 2131 2300 2167 ser-

797 2193 922 2257 pens
973 2179 1136 2232 miser
1162 2182 1307 2234 solus

798 2263 942 2299 mum
980 2264 1274 2302 εονυοηιηι.

725 2315 788 2368 (Σ.
817 2316 1069 2390 Secunda
1103 2322 1274 2385 proles
1317 2319 1427 2372 alia
1457 2319 1653 2381 bellua,
1679 2320 1998 2390 supinusque
2041 2321 2108 2374 ad
2133 2323 2294 2375 meri-

798 2383 936 2460 diem
958 2383 1188 2460 serpens.
1241 2390 1461 2456 supinus
1511 2391 1683 2460 nigro,
1713 2383 1761 2444 et
1797 2383 1943 2460 niger
1987 2402 2148 2455 tutus,
2187 2393 2299 2446 luce

797 2459 965 2528 corvis
991 2457 1274 2528 crudeliter
1327 2457 1592 2524 adempta.
1630 2459 1836 2512 Etenim
1855 2457 2032 2528 'qenns
2083 2477 2146 2514 ex
2185 2461 2298 2516 an

798 2525 1013 2590 familia
1039 2527 1234 2595 infame
1254 2530 1447 2582 ducens
1481 2528 1771 2581 miserabili
1798 2525 1965 2582 clade.
2013 2529 2080 2583 Te
2121 2531 2297 2598 ipsum

797 2610 903 2648 una
936 2612 1048 2650 cum
1086 2600 1302 2652 civitate
1332 2598 1539 2666 perdes,
1568 2607 1618 2652 et
1651 2599 1728 2653 tui
1775 2602 1997 2669 gemitus
2049 2613 2206 2654 testas
2247 2611 2294 2655 et

797 2680 902 2720 tier.

1361 2197 1377 2232 :
1426 2198 1456 2234 ο
1506 2181 1715 2250 quando
1745 2182 1910 2250 [ueris
1963 2199 2082 2236 esca
2120 2185 2301 2236 imma-

1298 2758 1730 2815 EXPOSITIO.

790 2865 927 2922 Cum
986 2869 1313 2939 signiﬁcatio
1374 2871 1646 2941 serpentis
1691 2873 1746 2925 in
1801 2873 2034 2926 maxima
2071 2887 2296 2927 venera-

729 2960 871 3013 tione
939 2961 1124 3014 hahita
1174 2961 1339 3017 fuerit
1393 2962 1539 3032 apud
1603 2965 1858 3034 antiquos
1913 2963 2213 3031 Romanos,
2243 2976 2294 3020 et

725 3058 909 3119 postea
948 3053 1090 3120 apud
1150 3052 1390 3119 Graecos,
1446 3064 1496 3109 et
1540 3053 1873 3124 Egyptios;
1915 3059 2171 3124 quoniam
2200 3071 2297 3126 pro

725 3152 980 3210 serpente
1030 3145 1122 3196 illo
1157 3146 1530 3215 intelligebant
1563 3146 1724 3200 deum
1757 3145 2134 3215 lEsculapium
2170 3145 2299 3215 Epi-

722 3237 954 3290 daurum
989 3254 1002 3290 :
1033 3239 1153 3291 ideo
1184 3237 1356 3290 Graeci
1393 3238 1495 3290 sub
1521 3246 1774 3306 serpente
1812 3238 2017 3290 coloris
2063 3236 2292 3290 sultﬂnvi

723 3327 962 3398 depicto,
1026 3345 1213 3383 eorum
1273 3329 1575 3382 dominium
1636 3329 1923 3384 ostendere
1985 3329 2294 3394 voluerunt,

724 3417 885 3472 sicuti
938 3416 1039 3472 sub
1092 3418 1273 3489 aquila
1339 3417 1640 3472 Romanum
1701 3418 1986 3488 imperium
2055 3418 2296 3475 ostendi-

726 3517 836 3572 tur,
880 3518 934 3562 ct
957 3509 1059 3564 sub
1087 3510 1261 3564 tribus
1290 3510 1433 3564 lunis
1472 3509 1770 3563 Turcarum
1805 3509 2116 3579 imperium,
2151 3512 2295 3581 quod

721 3601 806 3654 est
837 3600 1071 3670 primum
1108 3598 1324 3670 signum
1363 3602 1545 3670 magni
1578 3599 1881 3656 Sulthauis.
1909 3599 2138 3670 Propter
2169 3601 2290 3666 hoc,

725 3693 777 3746 in
813 3693 987 3761 prima
1025 3691 1195 3761 ﬁgura
1228 3691 1315 3744 uhi
1342 3690 1607 3760 aspicitur
1647 3705 1897 3759 serpens,
1957 3690 2297 3759 signiﬁcatur

722 3783 928 3837 Graecia
958 3780 1174 3846 amicta,
1209 3797 1330 3851 qua:
1355 3791 1478 3849 post
1511 3781 1745 3835 Leonem
1779 3781 2166 3850 Philosophum
2198 3783 2298 3835 im-

723 3883 1030 3944 peratorem
1085 3873 1758 3941 Cunstantinopolitanum
1815 3873 1970 3927 valde
2022 3872 2123 3927 fuit
2178 3882 2294 3927 tur-

723 3969 871 4031 bata,
906 3974 960 4030 et
1004 3965 1071 4021 ab
1117 3962 1370 4029 internis,
1398 3972 1453 4018 et
1513 3965 1580 4019 ab
1625 3965 1891 4030 externis,
1922 3971 1975 4019 et
2007 3979 2038 4018 a
2080 3965 2292 4029 vicinis,

719 4068 774 4110 et
803 4056 906 4110 hoc
939 4070 1038 4126 per
1063 4070 1237 4111 annos
1273 4063 1580 4110 trecentum
1611 4063 1664 4110 et
1697 4063 1829 4118 tres,
1852 4055 1903 4108 id
1927 4065 2031 4118 est,
2058 4055 2125 4110 ab
2150 4069 2294 4109 anno

724 4149 1205 4219 noningentesimo
1249 4155 1302 4202 et
1331 4148 1524 4218 quinto
1555 4162 1582 4200 a
1610 4147 1830 4203 Christo
1862 4159 1990 4201 nato
2025 4161 2196 4217 usque
2226 4147 2293 4201 ad

726 4240 1078 4296 millesimum
1112 4240 1549 4295 ducentesimum
1591 4248 1868 4300 octavum,
1889 4254 1998 4308 quo
2027 4247 2292 4308 tempore,

726 4340 786 4384 ut
815 4329 1009 4384 recitat
1040 4328 1328 4399 Egnatius,
1357 4329 1509 4384 fuere
1537 4329 1762 4400 triginta
1801 4329 2178 4398 imperatores,
2212 4329 2296 4382 in-

724 4419 978 4490 cipiendo
1006 4420 1076 4475 ab
1116 4423 1238 4489 ipso
1263 4419 1449 4474 Leone
1474 4435 1647 4486 usque
1692 4421 1756 4473 ad
1791 4420 2127 4474 Murcitllum
2163 4420 2289 4472 ulli-

722 4526 872 4565 utum
929 4507 1177 4565 Graecum
1240 4510 1658 4580 imperatorem,
1728 4509 1782 4563 in
1859 4510 2019 4563 tertia
2082 4510 2293 4580 imperii

725 4603 1054 4669 titillatione,
1081 4603 1204 4657 dico
1235 4602 1394 4656 tertia
1429 4601 1760 4666 mutatione;
1791 4601 1916 4670 quia
1945 4601 2114 4670 prima
2146 4594 2293 4656 Grae-

723 4706 914 4746 corum
942 4691 1070 4758 fuit,
1103 4691 1660 4762 quando.Alexander
1690 4689 1916 4760 Magnus
1964 4691 2016 4744 in
2059 4705 2151 4745 eos
2198 4691 2293 4746 de-

719 4784 848 4838 tulit
887 4784 1173 4853 imperimn
1223 4797 1367 4836 anno
1414 4781 1801 4836 trecentesimo
1846 4782 2109 4836 vicesimo
2140 4791 2294 4835 sexto

725 4885 854 4932 ante
874 4874 1158 4931 Christum
1193 4883 1407 4938 natum,
1450 4872 1594 4927 unde
1634 4874 1870 4927 mutatio
1895 4873 1998 4928 ista
2034 4890 2136 4927 una
2169 4890 2294 4929 cum

725 4965 948 5021 nomine
978 4963 1249 5032 imperiali
1283 4977 1456 5033 usque
1487 4961 1552 5016 ad
1583 4970 1811 5016 mortem
1835 4960 2065 5032 Philippi
2100 4965 2297 5032 perdu-

726 5055 891 5121 ravit,
921 5053 1174 5109 videlicet
1198 5067 1294 5124 per
1339 5067 1513 5106 atmos
1552 5050 1846 5106 ducentum
1890 5054 2111 5120 triginta
2137 5055 2296 5124 quin—

727 5159 856 5213 que,
901 5158 1011 5214 quo
1052 5151 1297 5213 tempore
1351 5142 1517 5210 strepit
1556 5143 1796 5197 secunda
1839 5143 2134 5211 imperialis
2180 5161 2298 5200 tnu-

724 5235 861 5290 tatio
952 5234 1055 5290 sub
1116 5231 1493 5287 Romanorum
1550 5232 1830 5294 dominio;
1882 5247 1991 5302 quo
2050 5241 2297 5303 tempore

727 5325 956 5398 Magnus
1002 5323 1401 5379 Constantinus
1436 5322 1756 5392 Byzantiqu
1798 5323 2079 5377 transtulit
2119 5326 2292 5392 impe-

735 5418 873 5472 rium
903 5416 1232 5480 Romanum,
1255 5423 1311 5469 et
1344 5414 1412 5468 ab
1438 5416 1555 5484 ipso
1589 5415 1782 5469 civitas
1831 5414 1975 5468 dicta
2016 5415 2115 5469 fuit
2152 5415 2298 5471 Con-

728 5509 1154 5579 stantinopolis;
1185 5505 1556 5577 perseveravit
1605 5505 1748 5560 istud
1785 5505 2092 5562 Romanum
2130 5509 2298 5580 impe-

729 5601 890 5663 rium,
950 5599 1092 5668 quod
1147 5598 1364 5652 tenebat
1412 5597 1638 5667 gradum
1683 5597 2009 5654 orientalem
2048 5608 2101 5653 et
2148 5603 2293 5655 occi-

727 5691 999 5745 dentalem
1028 5705 1202 5758 usque
1229 5688 1296 5742 ad
1337 5687 1708 5744 Theodosium
1738 5692 2144 5758 imperatorem,
2179 5704 2298 5761 post

2333 1821 2373 1875 Α
2408 1822 2792 1872 Iret-entesimo
2819 1820 3174 1887 nonagesimo
3212 1831 3442 1888 octavo;
3479 1825 3548 1878 oh
3577 1824 3626 1877 id
3660 1836 3852 1893 postea
3889 1829 3992 1880 iut-

2413 1920 2695 1977 peratores
2727 1911 3318 1979 Coustautiuopolitani
3359 1916 3530 1969 vocati
3565 1924 3691 1970 sunt
3722 1914 3986 1970 Orienta-

2411 1998 2510 2061 les,
2557 1999 2785 2052 Romani
2843 2015 2970 2054 vero
3031 2000 3430 2064 Occidentales.
3480 2006 3571 2072 qui
3619 2021 3714 2073 per
3766 2006 3992 2074 aliquod

2411 2097 2628 2156 tempus
2656 2095 2946 2141 cessarunt
2977 2097 3200 2157 prOpter
3237 2089 3535 2143 Gothorum
3568 2091 3893 2156 adventum,
3927 2103 3982 2147 et

2411 2178 2699 2248 imperium
2748 2182 2798 2232 in
2846 2180 3076 2233 Galliam
3114 2181 3212 2232 fuit
3243 2181 3480 2236 delatum
3517 2183 3710 2239 Carolo
3750 2184 3986 2256 Magno;

2406 2279 2462 2322 et
2508 2271 2588 2324 sic
2641 2286 2815 2340 usque
2869 2270 2934 2324 ad
2994 2272 3244 2324 Carolunt
3294 2272 3546 2342 Magnum
3593 2276 3886 2344 imperavit
3935 2278 3990 2328 in

2406 2357 2682 2413 Orientem
2704 2368 2822 2426 post
2841 2359 3206 2414 Theodosium
3234 2360 3986 2428 iuniorem1Valentinianus,

2410 2455 2605 2508 tertius
2634 2451 2830 2507 deinde
2870 2450 3089 2505 Flavius
3127 2450 3376 2509 Valerius
3418 2452 3737 2518 Martianus,
3783 2457 3836 2509 in
3880 2471 3993 2524 quo

2406 2546 2568 2600 desiit
2600 2546 2892 2616 imperittm
2917 2544 3048 2608 CP.,
3073 2545 3203 2616 quia
3245 2557 3363 2614 post
3401 2546 3728 2601 Martianttm
3768 2556 3992 2602 creatus

2405 2647 2488 2692 est
2538 2636 2649 2691 Leo
2708 2639 2921 2708 primus
2970 2637 3038 2691 de
3089 2639 3258 2705 stirpe
3291 2637 3515 2704 Graeca;
3567 2639 3709 2692 unde.
3751 2639 3992 2694 mutatio

2408 2729 2794 2796 imperatorum
2828 2728 3186 2786 Orientalium
3217 2728 3586 2782 Romanorum
3612 2731 3665 2782 in
3706 2731 3991 2783 Martiano

2405 2817 2586 2881 desiit,
2618 2818 2797 2871 ethoc
2829 2826 2992 2888 pacto
3026 2819 3195 2886 coepit
3225 2820 3381 2872 tertia
3413 2819 3643 2872 mutatio
3677 2819 3989 2888 imperialis

2408 2909 2458 2960 in
2520 2906 2712 2962 Graeco
2762 2910 3029 2979 sanguine
3082 2909 3227 2964 circa
3273 2923 3473 2963 anuum
3515 2909 3994 2980 quadringentesi-

2407 3011 2551 3049 mum
2601 2999 2999 3066 sexagesimum
3044 2997 3097 3051 in
3132 2997 3311 3053 Leone
3339 2998 3539 3068 primo,
3577 3009 3632 3053 et
3661 3001 3737 3054 sic
3765 3016 3862 3068 per
3907 3002 3988 3053 vi-

2403 3088 2536 3155 ginti
2569 3087 2811 3156 quinque
2864 3088 3220 3157 imperatores
3269 3090 3325 3142 in
3387 3087 3715 3159 Nicephoro.
3777 3091 3830 3142 id
3878 3100 3986 3152 est.

2334 3167 2374 3220 Β
2408 3186 2529 3247 νοςῑ
2559 3179 2773 3245 imperil
2803 3179 3216 3232 translationem
3264 3181 3318 3234 in
3358 3180 3624 3244 Galliam;
3663 3181 3756 3235 sed
3792 3194 3986 3235 secuta

2404 3278 2487 3322 est
2532 3270 2692 3320 etiam
2749 3282 2867 3336 post
2921 3269 3279 3336 Mcephnrmn
3327 3271 3485 3322 tertia
3523 3272 3650 3323 'lia-c
3683 3273 3988 3338 imperialis

2400 3360 2584 3414 (ιι-ιι·οπ
2618 3361 2846 3413 mutatio
2888 3375 3062 3428 usque
3087 3361 3153 3414 ad
3185 3360 3507 3416 Murcilllum
3529 3363 3858 3429 (secundum
3884 3363 3990 3417 sli-

2403 3452 2566 3517 quos)
2601 3449 3000 3517 sexagesimum
3037 3450 3419 3519 imperatorem
3452 3449 3616 3519 hujus
3651 3452 3826 3504 tertiae
3863 3467 3989 3504 mu-

2400 3537 2625 3590 tationis
2657 3541 2708 3590 in
2741 3538 3006 3607 sanguine
3033 3537 3242 3603 Graeco,
3277 3546 3332 3592 et
3357 3538 3410 3592 in
3443 3539 3562 3607 ipso
3594 3538 3759 3592 desiit
3789 3540 3985 3610 stirpis

2396 3628 2597 3681 Crucem
2632 3628 2921 3696 imperium
2949 3645 2962 3691 ;
2994 3629 3138 3682 unde
3168 3628 3457 3696 hucusque
3508 3629 3826 3682 ostenditur
3875 3631 3985 3684 im-

2398 3715 2878 3787 perintnGraecum
2914 3718 3014 3770 sub
3046 3717 3213 3786 figura
3258 3719 3530 3786 serpentis
3577 3721 3652 3787 (et
3708 3728 3982 3787 quantum

2397 3818 2514 3863 crat
2555 3807 2903 3874 duraturum)
2959 3808 3050 3876 qui
3098 3824 3126 3860 a
3168 3807 3382 3862 duobus
3434 3809 3749 3864 volatilibus
3799 3824 3986 3864 cmcus

2398 3899 2664 3953 redditur.
2711 3899 2939 3965 Propter
2997 3899 3097 3952 hoc
3161 3899 3292 3952 dicit
3369 3899 3717 3969 Epigramma
3779 3902 3820 3952 Α
3858 3919 3876 3954 :
3919 3900 3983 3954 In

2397 3993 2568 4047 medio
2597 3992 2921 4060 geminorum
2975 4007 3248 4042 corvorum
3299 4000 3347 4044 et
3394 3990 3689 4044 uolatilium
3732 3991 3983 4045 absume-

2396 4087 2470 4137 ris
2499 4099 2516 4136 :
2546 4084 2703 4153 quasi
2736 4081 2882 4135 dicat
2912 4079 3002 4136 :-0
3040 4082 3326 4150 imperium
3364 4080 3633 4148 Gracum,
3669 4083 3982 4138 absumeris

2399 4175 2543 4227 inter
2598 4173 2738 4226 duos
2791 4186 3009 4235 corvos,
3053 4181 3144 4226 aut
3182 4173 3467 4238 volatiles;
3498 4173 3548 4227 id
3601 4183 3705 4237 est,
3756 4175 3980 4230 alienos

2403 4269 2719 4331 potentatus
2753 4259 2846 4326 qui
2896 4268 2946 4314 te
2993 4260 3297 4329 expellent;
3353 4268 3408 4314 et
3457 4261 3532 4313 ita
3592 4259 3830 4331 Egyptii
3885 4277 3985 4332 per

2401 4364 2627 4402 corvum
2689 4347 3059 4418 intelligehaut
3113 4345 3370 4402 infamem
3418 4349 3824 4418 expulsionem,
3893 4351 3982 4404 in-

2399 4441 2536 4508 quit,
2565 4438 2713 4508 quod
2744 4438 2993 4508 expulsio
3031 4439 3136 4492 erit
3191 4439 3424 4492 duorutn
3454 4453 3744 4494 corvorum
3773 4457 3786 4492 :
3814 4449 3871 4495 et
3903 4441 3981 4494 ita

2400 4530 2498 4583 fuit
2535 4545 2550 4593 ;
2587 4528 2844 4596 quoniam
2901 4529 3036 4581 alter
3089 4543 3277 4581 eorum
3336 4528 3437 4581 fuit
3486 4528 3831 4592 Murcilllus,
3885 4532 3980 4601 qui

2401 4620 2632 4675 credens
2665 4618 2916 4673 Grzeeum
2955 4618 3242 4687 imperium
3273 4633 3567 4686 occupare,
3608 4620 3857 4672 Alexium
3885 4620 3983 4688 ju-

2398 4726 2590 4766 venem
2674 4711 3056 4779 imperatorem
3136 4711 3368 4775 occidit;
3446 4709 3540 4765 sed
3613 4713 3727 4780 ipse
3787 4715 3978 4766 statim

2397 4812 2594 4874 captus
2641 4800 2738 4855 luit
2791 4815 2818 4853 a
2849 4799 3064 4854 Venetis
3090 4807 3144 4854 et
3177 4799 3370 4865 Gallis,
3411 4812 3466 4855 et
3515 4799 3839 4871 Byzantium
3873 4803 3976 4856 du-

2397 4907 2541 4958 ctus,
2602 4894 2770 4948 variis
2821 4892 3157 4947 cruciatibus
3218 4903 3502 4957 mortuus,
3561 4902 3615 4948 et
3674 4895 3980 4965 castigatus

2397 4985 2610 5038 acerbe.
2646 4981 2750 5037 Sed
2797 4981 3011 5034 interim
3059 4979 3205 5050 quod
3240 4981 3548 5036 Murcililus
3593 4981 3776 5050 fugam
3812 4998 3980 5052 cepe-

2398 5085 2503 5139 rat,
2535 5090 2662 5130 ccce
2697 5073 2978 5129 secundus
3001 5085 3225 5136 corvus,
3257 5072 3311 5126 id
3351 5081 3455 5137 est,
3491 5073 3796 5129 Balduinus
3819 5072 3982 5128 Flau-

2398 5170 2531 5223 driae
2560 5182 2766 5232 comes,
2818 5167 2908 5236 qui
2946 5165 3250 5220 dominium
3283 5175 3338 5219 et
3382 5168 3567 5221 urbem
3601 5168 3767 5236 cepit,
3799 5178 3856 5222 et
3897 5169 3979 5222 sic

2402 5259 2500 5313 fuit
2532 5260 2829 5326 imperator
2858 5264 3100 5320 creatus,
3144 5265 3201 5310 ut
3230 5257 3362 5310 dicit
3389 5255 3678 5326 Egnatius,
3707 5269 3760 5313 et
3786 5259 3907 5312 alii.

2730 5386 3230 5442 EPIGRAMMATA
3270 5386 3553 5442 FIGURAE
3594 5387 3661 5444 ιι.

2399 5506 2463 5556 Α.
2499 5500 2724 5571 Duplex.
2776 5500 2983 5564 triplex,
3036 5501 3224 5554 etenim
3272 5501 3384 5553 avis
3426 5515 3578 5554 eaues
3638 5499 3976 5566 crucigerula

2467 5574 2576 5625 uvis
2605 5587 2864 5641 equusque
2899 5587 3080 5622 rursus
3118 5573 3371 5639 corniger.

2402 5660 2460 5712 ll.
2495 5660 2782 5723 Maximus,
2839 5660 3116 5729 aviumque
3170 5675 3262 5712 rea:
3305 5661 3472 5722 solus,
3511 5656 3594 5710 Itic
3635 5667 3776 5710 certe
3830 5660 3975 5710 acci-

2471 5733 2617 5800 piens
2677 5745 2924 5800 regnum,
2963 5746 2990 5782 e
3032 5730 3245 5782 meridie
3286 5730 3338 5781 in
3386 5744 3516 5796 equo
3557 5729 3809 5796 quieverit
3848 5745 3977 5800 icor-

727 5800 890 5854 quem
911 5783 1147 5838 divisum
1183 5782 1282 5836 fuit
1315 5781 1600 5883 imperium
1631 5779 1954 5845 Romanum,
1983 5791 2037 5838 et
2066 5783 2296 5840 Arcadio
2323 5825 2374 5883 D
2473 5779 2670 5883 ζιίρέθῖο,
2710 5779 2822 5852 ὦῶ
2847 5779 2982 5861 βίεὲ
3028 5779 3335 5854 έεάάξξίεξί
3361 5779 3696 5866 ρέςτέηέεηίε
3715 5779 3972 5853 “ηιεάξά,,

726 5879 913 5932 datum
962 5875 1063 5930 luit
1113 5874 1398 5939 oricutale,
1434 5882 1485 5928 et
1525 5872 1723 5929 divisio
1775 5875 1884 5930 haec.
1937 5875 2034 5929 fuit
2069 5877 2122 5931 in
2153 5892 2293 5932 anno

2472 5872 2598 5940 poli.
