4200 6438
285 463 415 523 lilii

1231 463 1752 522 OR.\CUL1)ElU.\l
1805 462 2073 521 LEONIS
2154 464 2572 525 EXPOSITIO.

3400 472 3530 536 1162

280 575 340 624 c.
391 570 613 624 Monade
659 570 884 634 duplicis
931 568 1330 635 appellationis,
1383 569 1495 620 sola
1541 571 1729 648 prima
1768 584 1849 618 ra-
1889 575 1932 629 Α
1968 580 2148 626 ratore
2206 581 2330 641 post
2362 572 2678 629 Michaelem
2729 573 3086 648 Palaeologum
3131 577 3526 634 Viterbiensem

352 645 535 693 mentis
591 656 950 698 numerarunt,
992 648 1485 705 posterotempurc,
1528 648 1581 689 ut
1635 649 1682 691 et
1717 644 1850 689 bona

347 727 469 777 pars
529 712 775 778 temporis
837 709 1088 767 exsistis.
1164 710 1378 773 quando
1429 711 1622 760 tenebis
1685 709 1852 758 crucis

350 781 632 845 imaginem
689 778 938 835 mediam.
992 787 1040 829 et
1085 778 1264 828 audax
1315 793 1471 842 quam
1521 779 1767 837 maxime,
1804 787 1851 828 et

348 849 480 901 celer
509 865 581 907 es.
611 859 658 900 et
690 848 756 899 ad
789 849 921 899 bella
956 859 1247 913 promptus.
1291 845 1334 898 0
1369 846 1524 914 Byza'
1563 863 1742 914 genus,
1766 846 1855 900 sed

349 919 415 970 ad
452 930 742 971 extremum
776 921 984 969 occasio
1014 915 1171 983 fama:
1202 917 1406 968 lucrum
1431 917 1610 983 faciet.

867 1004 1289 1059 EXPOSITIO.

349 1102 544 1170 Aquila
586 1115 709 1153 cum
748 1114 911 1151 cruce
940 1113 1138 1151 novum
1179 1099 1560 1166 imperatorem
1605 1098 1848 1162 denotat,

280 1192 333 1244 id
366 1201 470 1252 est,
506 1190 827 1243 Balduiuum
872 1189 1271 1256 supradictum,
1312 1189 1402 1256 qui
1453 1190 1599 1242 circa
1651 1204 1851 1240 annum

281 1282 629 1335 millesimum
679 1279 1120 1332 ducentesimum
1166 1291 1441 1340 OCtthtttt,
1494 1278 1702 1330 auxilio
1753 1277 1856 1331 Ve-

284 1385 534 1426 netorum
567 1380 621 1424 et
653 1370 930 1424 Gallorum
965 1378 1186 1423 creatus
1229 1378 1312 1421 est
1369 1369 1514 1420 illius
1547 1368 1650 1419 luci
1684 1368 1853 1436 impe-

281 1470 452 1523 rator,
504 1461 760 1531 quoniam
796 1461 938 1513 inter
991 1461 1137 1528 ipsos
1188 1458 1290 1511 fuit
1342 1467 1582 1528 pactum,
1625 1458 1668 1511 si
1713 1457 1852 1509 Galli

280 1561 537 1606 crearent
605 1551 890 1604 Dominum
943 1552 1321 1618 temporalem,
1370 1549 1557 1603 Veneti
1605 1556 1852 1601 crearent

283 1643 568 1696 Dominum
617 1641 993 1709 spiritualem;
1042 1642 1186 1692 unde
1235 1639 1372 1692 Galli
1433 1648 1691 1692 crearunt
1735 1636 1854 1688 Bal-

280 1735 510 1786 duinum
547 1748 610 1787 ex
652 1731 932 1786 Gallorum
962 1733 1130 1800 stirpe
1179 1733 1556 1798 imperatorem
1587 1732 1854 1784 Constan-

281 1826 722 1894 tinopolitauum,
769 1824 953 1878 Veneti
985 1840 1112 1877 vero
1155 1823 1420 1877 Thomam
1471 1823 1851 1877 .“ZIIII'OCL‘IHIHI

281 1916 428 1969 illius
477 1916 716 1968 civitatis
771 1916 1140 1983 patriarcham
1200 1913 1466 1968 fecerunt.
1520 1915 1620 1966 Ista
1683 1914 1851 1981 ligura
1886 1910 1924 1962 Β

279 2008 518 2060 ostendit
541 2015 754 2076 tempus
783 2007 944 2074 hujus
973 2007 1184 2074 imperii
1242 2008 1292 2058 in
1328 2018 1552 2059 externa
1582 2005 1747 2072 stirpe
1798 2004 1850 2057 in

281 2097 388 2150 illis
434 2096 613 2149 verbis
661 2098 1070 2164 epigrammatis
1103 2097 1164 2151 Λ.
1201 2097 1395 2163 duplex
1445 2097 1658 2164 triplex,
1693 2105 1842 2158 etc.;

279 2191 434 2257 quasi
461 2190 641 2243 dicere
680 2191 824 2252 velit,
858 2190 1057 2257 duplex
1098 2191 1310 2256 triplex,
1348 2190 1447 2241 ho:
1479 2197 1586 2251 est,
1622 2203 1712 2241 sex
1753 2191 1853 2240 im-

281 2292 562 2349 peratores
591 2295 713 2333 cum
752 2281 911 2348 signo
944 2280 1139 2348 aquila:
1180 2294 1398 2333 crucem
1432 2280 1656 2333 ferentis
1692 2289 1852 2334 erunt

279 2376 334 2424 in
372 2372 620 2442 imperio.
663 2371 727 2425 Et
778 2373 851 2425 ita
900 2371 1021 2435 fuit,
1062 2373 1322 2440 quoniam
1374 2375 1476 2424 sub
1521 2374 1701 2442 aquila
1748 2375 1851 2427 ista

277 2466 641 2534 crucigerula,
667 2480 786 2534 quae
819 2479 912 2518 sex
946 2479 1153 2533 pennas
1209 2465 1347 2533 gerit
1377 2466 1429 2517 in
1481 2466 1638 2526 collo,
1671 2476 1851 2519 osten-

277 2558 482 2609 duntur
508 2572 602 2610 sex
635 2558 1013 2624 imperatores,
1069 2556 1120 2607 id
1173 2565 1276 2617 est,
1315 2555 1632 2620 Balduinus,
1661 2555 1852 2609 Henri-

276 2663 399 2710 cus,
435 2647 651 2710 Petrus,
700 2648 994 2712 llubertus,
1042 2655 1095 2699 et
1132 2645 1368 2698 Joannes
1411 2648 1679 2702 Brennius
1706 2657 1853 2701 tutor

277 2755 405 2792 cum
442 2738 707 2793 Balduino
743 2739 1044 2792 secundum
1090 2739 1401 2801 nonnullos,
1444 2749 1500 2793 et
1529 2741 1620 2809 qui
1658 2751 1843 2808 postea

277 2828 576 2883 succedere
604 2827 846 2892 deberet,
880 2829 1092 2880 videtur
1133 2828 1185 2881 in
1224 2829 1614 2897 epigrammate
1654 2828 1717 2892 Β,
1748 2830 1838 2881 ubi

277 2918 482 2972 dicitur
515 2937 526 2971 :
562 2916 834 2970 Maximus
886 2919 1159 2986 aviumque
1198 2932 1290 2970 rea:
1324 2919 1492 2979 solus.
1520 2931 1650 2982 ctc.;
1693 2923 1850 2988 quasi

274 3009 463 3062 dicere
499 3007 628 3060 velit
667 3027 678 3060 ε
725 3006 950 3076 Magnus
980 3016 1030 3061 et
1069 3008 1220 3061 solus
1254 3009 1432 3060 avium
1471 3023 1563 3060 rex
1598 3010 1700 3062 erit
1741 3011 1848 3072 ille,

274 3100 370 3168 qui
401 3099 580 3168 capiet
612 3097 915 3152 dominium
942 3098 1214 3163 Graecum,
1265 3100 1358 3153 sed
1412 3106 1693 3154 transacto
1735 3118 1848 3154 tue-

276 3190 438 3253 ridie,
483 3190 533 3243 id
558 3201 658 3254 est,
693 3207 784 3259 per
818 3191 962 3243 aliud
1021 3206 1244 3259 parvum
1273 3201 1488 3260 tempus
1521 3196 1761 3260 quiescet
1794 3195 1845 3246 in

275 3281 744 3351 equoeornigero,
779 3288 832 3334 et
869 3282 940 3333 ita
993 3281 1116 3343 fuit,
1147 3283 1402 3347 quoniam
1440 3284 1631 3353 Aquila
1662 3301 1844 3340 cessa-

277 3373 352 3424 vit
382 3373 436 3425 in
466 3370 733 3425 Balduino
758 3373 1019 3425 secundo.

586 3481 1083 3536 EPIGRAMMATA
1139 3483 1248 3538 FIG
1261 3483 1299 3538 U
1313 3485 1424 3538 IUE
1468 3485 1552 3539 Ill.

275 3596 339 3646 A.
367 3592 660 3646 Snithanus
689 3592 1054 3659 Mechemetes,
1101 3597 1144 3648 is
1198 3599 1289 3665 qui
1323 3596 1844 3668 Constantinopolim

346 3674 599 3728 capturus
626 3675 721 3716 est.

275 3733 335 3783 Β.
383 3731 449 3784 In
504 3735 630 3785 locis
682 3733 932 3795 humidis,
966 3745 1013 3786 et
1062 3747 1254 3801 prwter
1299 3753 1440 3804 spem
1488 3740 1681 3802 cades;
1710 3741 1760 3791 in
1795 3749 1842 3790 te

345 3804 484 3854 enim
529 3804 737 3854 initium
769 3813 816 3855 et
848 3804 967 3869 ﬁnis
999 3821 1158 3857 cornu
1189 3817 1286 3861 est.

272 3871 335 3924 C.
367 3871 535 3942 Fama
582 3873 852 3939 vulgatur»
875 3882 973 3933 est,
1009 3877 1144 3942 quod
1177 3892 1329 3928 aures
1370 3876 1567 3941 habes;
1600 3890 1646 3931 et
1671 3879 1845 3932 hinnis

344 3941 478 3993 citra
507 3958 740 3995 antorem
777 3941 1122 4008 habenarum,
1162 3948 1214 3997 id
1246 3957 1341 4011 est,
1371 3948 1569 4000 laxatis
1601 3949 1841 4002 habenis.

846 4031 1264 4090 EXPOSITIO.

346 4119 642 4175 Videbatur
670 4121 816 4190 quod
843 4121 1053 4178 Graccia
1086 4127 1398 4196 relinquens
1421 4128 1718 4182 dominium
1751 4147 1846 4183 ex-

271 4223 488 4267 teruum
522 4214 730 4282 Aquilae
773 4215 826 4268 in
860 4213 1126 4270 llalduino
1176 4222 1434 4282 secundo,
1469 4229 1522 4274 et
1562 4223 1727 4274 alium
1755 4239 1845 4274 no-

273 4317 399 4354 vum
444 4312 496 4354 et
529 4303 771 4355 nativum
823 4307 1099 4373 accipiens
1149 4307 1451 4362 dominium
1485 4313 1536 4363 in
1589 4309 1846 4365 Michacle

273 4391 575 4461 Palazologo
604 4395 721 4460 (sed
750 4396 1077 4451 intermedio
1115 4399 1384 4465 imperiali
1422 4406 1721 4457 secundum
1748 4407 1844 4456 ali-

276 4498 415 4551 quos
445 4485 642 4550 Alexii,
699 4488 913 4556 Angeli,
979 4487 1479 4556 Theodorilascori,
1513 4506 1566 4547 et
1616 4492 1844 4548 Joannis

274 4576 667 4645 Deplobatarii)
695 4588 841 4632 esset
883 4588 1138 4647 tanquam
1189 4598 1326 4635 nova
1364 4599 1582 4651 sponsa,
1618 4603 1837 4640 osusnsa

275 4680 371 4733 per
405 4665 551 4718 illam
587 4667 937 4734 juveuculam
964 4669 1274 4724 Graecorum
1305 4690 1454 4726 more
1492 4676 1757 4740 indutam,
1787 4689 1840 4730 et

270 4755 475 4822 lietam;
503 4759 596 4810 sed
647 4758 736 4810 illa
769 4759 950 4813 laztitia
981 4777 1009 4814 a
1065 4765 1289 4816 meridie
1317 4768 1532 4821 sublata
1574 4771 1694 4834 luit,
1732 4772 1840 4824 sie-

269 4850 346 4900 uti
391 4849 597 4902 dictum
631 4860 715 4904 est
747 4852 816 4902 ab
859 4867 1003 4921 equo
1041 4857 1350 4925 cornigero,
1385 4874 1412 4910 a
1446 4877 1554 4928 quo
1583 4865 1838 4930 depressa

269 4941 420 4993 luit:
477 4956 647 5008 quare
697 4943 1030 5012 epigramma
1098 4945 1141 4997 Β
1192 4947 1501 5015 juvencula:
1556 4955 1690 5007 dicit
1731 4956 1838 5008 :ln

273 5031 401 5086 locis
423 5032 675 5098 humidis,
700 5044 746 5087 et
796 5047 988 5103 pra'ter
1017 5053 1157 5106 spem
1185 5039 1359 5105 cades,
1385 5055 1489 5097 etc.
1518 5063 1533 5108 ;
1565 5050 1719 5114 quasi
1755 5049 1837 5100 di-

267 5137 392 5176 cere
424 5123 628 5178 vellet:
672 5124 729 5178 In
757 5125 893 5180 locis
935 5126 1196 5194 humidis,
1234 5134 1334 5186 hoc
1369 5144 1474 5199 cst,
1511 5138 1562 5190 in
1611 5137 1836 5193 feliciori

266 5223 509 5284 tempore
541 5215 622 5269 tui
651 5215 903 5282 dominii,
935 5233 966 5274 ο
997 5218 1228 5287 Graacia,
1264 5241 1387 5293 quae
1415 5237 1623 5283 tantum
1657 5240 1708 5286 te
1737 5247 1836 5286 ex-

266 5307 435 5374 tollis,
479 5308 678 5375 cades;
717 5310 815 5365 scd
865 5313 1028 5380 scias,
1062 5317 1204 5383 quod
1242 5317 1294 5372 in
1328 5331 1380 5376 te
1421 5323 1749 5392 principium
1781 5339 1837 5382 et

263 5399 388 5452 linis
419 5407 503 5453 est
536 5414 730 5463 cornu,
761 5402 863 5457 hoc
894 5413 998 5468 est,
1033 5408 1177 5475 quod
1208 5411 1260 5463 in
1289 5419 1340 5465 te
1375 5412 1475 5466 fuit
1507 5417 1831 5487 principium

265 5504 458 5554 cornu,
497 5490 550 5543 id
598 5501 699 5557 est,
738 5493 1064 5563 dominium,
1125 5501 1178 5554 in
1236 5513 1286 5556 te
1317 5506 1483 5559 etiam
1534 5510 1642 5561 erit
1684 5511 1828 5568 linis.

262 5579 366 5634 Sed
399 5583 523 5648 quis
548 5580 762 5636 futurus
791 5597 939 5642 esset
978 5586 1067 5643 hic
1116 5592 1324 5660 primus
1355 5600 1606 5668 corniger
1633 5620 1830 5671 equus,

261 5671 498 5726 declarat
540 5675 868 5742 epigramma
899 5678 964 5740 Α,
1000 5680 1191 5738 dicens
1231 5701 1244 5737 :
1290 5684 1586 5743 Sulthunus
1618 5690 1826 5749 Meche-

263 5773 418 5816 metes
454 5765 542 5833 qui
574 5766 742 5832 capiet
773 5765 1304 5843 Constantinopolim,
1354 5779 1404 5832 id
1460 5793 1563 5842 cst,
1608 5784 1826 5842 Sultha-

272 5870 369 5906 nus
417 5853 776 5914 Mechemetes
809 5868 912 5918 erit
971 5865 1080 5925 ille,
1123 5870 1211 5935 qui
1259 5869 1542 5940 imperium
1576 5876 1821 5936 Grrecmn

261 5948 566 6015 occupabit,
601 5953 689 6020 qui
734 5954 890 6011 desiit
934 5958 983 6012 in
1034 5959 1391 6019 Constantino
1428 5970 1616 6036 quinto
1651 5974 1818 6044 impc-

1958 679 2101 717 anno
2133 664 2343 719 Domini
2371 667 2662 722 millesimo
2701 669 3236 738 quadringentesimo
3260 673 3530 743 quinqua-

1957 755 2165 824 gesimo
2197 759 2377 820 tertio,
2411 766 2464 811 et
2510 759 2609 812 ista
2644 761 3012 828 perseverabit
3041 777 3134 830 per
3183 774 3389 833 septem
3425 765 3528 816 im-

1954 852 2236 914 peratores
2268 846 2696 903 Mauemetanos.
2732 850 3018 916 Quomodo
3051 862 3228 905 autem
3265 868 3529 918 pervene-

1954 940 2027 992 rit
2072 939 2352 1008 impcrium
2396 942 2541 996 istud
2597 943 2647 996 in
2685 945 3007 1010 Mechemet,
3037 946 3226 1000 dicunt
3275 947 3528 1002 llistorize

1955 1031 2390 1098 Ottomanorum,
2423 1043 2477 1090 et
2525 1035 2846 1098 Turcarum,
2896 1048 2948 1092 et
3009 1037 3343 1099 Graecorum,
3378 1042 3524 1107 quod

1958 1121 2181 1175 Michael
2219 1123 2552 1196 Palteologus
2582 1127 2801 1196 reliquit
2830 1129 3228 1193 Andronicum,
3255 1131 3344 1199 qui
3392 1130 3526 1184 duos

1958 1217 2340 1280 Iilioshahcns,
2391 1218 2769 1287 Calojannem,
2823 1230 2876 1273 et
2929 1219 3358 1285 Emmanuelem,
3405 1221 3526 1273 reli-

1957 1308 2072 1374 quit
2112 1315 2344 1360 tutorem
2393 1307 2658 1361 Joannem
2706 1309 3166 1375 Cantacuzenum,
3218 1312 3307 1378 qui
3371 1311 3529 1365 Calo-

1951 1398 2102 1465 janni
2147 1400 2309 1452 tiliam
2347 1399 2400 1453 in
2445 1401 2849 1454 matrimonium
2905 1403 3191 1456 collocavit
3230 1420 3245 1465 ;
3280 1405 3373 1458 sed
3406 1414 3526 1457 orta

1956 1490 2301 1545 dissensione
2340 1493 2482 1546 inter
2514 1493 2950 1548 Cantacnzenum
2985 1503 3038 1547 et
3072 1509 3354 1564 generum,
3387 1496 3525 1548 Cau-

1956 1589 2251 1635 tacuzenus
2300 1599 2556 1651 generum
2608 1589 2838 1654 expulit,
2890 1602 2948 1640 se
3007 1588 3391 1656 imperatorem
3440 1589 3523 1642 fa-

1955 1675 2139 1737 ciens;
2169 1679 2262 1729 sed
2288 1675 2614 1742 Calojannes
2661 1677 2713 1730 in
2765 1689 2963 1730 statum
2996 1681 3304 1744 restitutus,
3331 1679 3530 1736 Canta-

1955 1785 2219 1824 cuzenum
2254 1773 2500 1826 multavit
2527 1773 2742 1835 exsilio,
2772 1775 2861 1842 qui
2905 1789 2963 1828 se
3002 1776 3324 1828 monachum
3374 1775 3522 1830 fet-it.

1960 1860 2054 1913 llic
2086 1860 2413 1926 Calojannes
2456 1863 2861 1918 Emmanuelcm
2916 1865 3122 1931 habuit,
3165 1869 3255 1935 qui
3289 1874 3409 1934 post
3439 1882 3532 1934 pa-

1956 1961 2091 2004 trem
2154 1953 2328 2004 tenuit
2383 1954 2690 2020 imperium,
2734 1963 2786 2008 ct
2848 1967 3054 2023 septem
3118 1956 3308 2011 habuit
3362 1959 3526 2019 ﬁlios.

1951 2039 2254 2102 Joannem,
2306 2042 2706 2105 Andronicum,
2774 2042 3156 2103 leodorum.
3213 2046 3528 2100 Constanti-

1954 2145 2103 2186 num.
2127 2128 2478 2194 Demetrium,
2501 2129 2787 2193 Thomam,
2812 2143 2862 2183 et
2901 2131 3240 2186 Michaelem.
3263 2133 3531 2200 Tempore

1955 2221 2111 2275 istius
2141 2219 2508 2276 Emmanuelis
2537 2223 2884 2290 imperatoris
2919 2225 3110 2278 accidit
3141 2225 3282 2290 quod
3327 2224 3533 2280 Mcchc.

1956 2312 2382 2368 met'l‘urcarum
2418 2315 2736 2384 imperator,
2778 2327 3056 2384 postquam
3084 2334 3111 2370 a
3147 2317 3364 2371 Veni-tis
3393 2322 3528 2374 mari

1953 2405 2265 2476 proﬂigatus
2315 2415 2484 2470 esset,
2536 2417 2586 2461 et
2634 2422 2753 2462 cum
2790 2409 2923 2478 ipsis
2962 2409 3156 2463 deinde
3209 2425 3391 2477 pacem
3433 2409 3530 2464 Ιιςι-

1954 2498 2124 2562 beret,
2155 2508 2263 2551 uta
2299 2497 2468 2552 fratre
2502 2499 2741 2554 Mustal’te
2776 2501 3179 2570 aggrederetur,
3215 2501 3304 2565 qui
3338 2513 3524 2566 postea

1957 2587 2269 2640 Salonicutn
2340 2589 2602 2655 aufugit:
2650 2592 2792 2656 quod
2850 2590 3155 2659 intelligens
3207 2591 3524 2656 Merhemet,

1959 2696 2080 2733 cum
2120 2682 2364 2734 exercitu
2403 2682 2620 2750 petebat
2663 2681 2906 2738 Mustal‘ae
2937 2683 3391 2750 gubernatorem;
3429 2685 3524 2752 qui

1961 2787 2085 2824 cum
2117 2770 2450 2826 Emmanueli
2476 2771 2664 2828 Graeco
2697 2775 3012 2840 imperatori
3039 2776 3104 2828 de
3141 2777 3240 2828 hoc
3275 2777 3528 2842 scripsis-

1956 2871 2062 2922 sct.
2098 2877 2417 2930 responsum
2475 2863 2595 2917 tulit
2635 2864 2985 2929 hujnsmodi:
3023 2865 3163 2932 quod
3207 2864 3523 2920 Emmanuel

1957 2962 2011 3004 et
2047 2953 2402 3010 Met-heuretes
2450 2955 2752 3010 concordes
2795 2955 2978 3020 fuere;
3025 2968 3079 3011 et
3125 2959 3375 3024 promisit
3417 2958 3529 3012 Mu-

1959 3044 2154 3096 stafam
2186 3060 2407 3100 carcere
2447 3048 2816 3111 detentorum,
2857 3050 2907 3102 in
2957 3065 3066 3118 quo
3099 3053 3394 3119 permansit
3443 3068 3529 3105 us-

1952 3151 2057 3203 que
2105 3139 2169 3188 atl
2219 3150 2444 3192 mortem
2481 3138 2832 3194 Mechemetis
2863 3143 3047 3210 primi.
3092 3142 3319 3210 Propter
3356 3145 3519 3198 istam

1873 3259 1916 3320 C
1951 3227 2261 3280 Graecorum
2322 3231 2589 3282 actionem
2645 3241 2852 3284 tanturn
2906 3243 3094 3286 auctus
3137 3242 3219 3286 est
3258 3248 3412 3288 amor
3468 3235 3523 3290 itt

1957 3316 2357 3378 Mz-chcmetcm,
2393 3328 2449 3370 ut
2482 3319 2627 3370 nuntii
2662 3335 2850 3372 eorum
2884 3321 3131 3386 petitioni
3168 3323 3464 3377 assentiret
3499 3341 3514 3376 :

1953 3408 2092 3460 unde
2122 3416 2230 3460 tam
2263 3411 2418 3461 valde
2459 3410 2645 3463 llotuit
2671 3407 2880 3466 Graecia
2905 3413 2956 3465 in
2986 3413 3073 3466 illa
3110 3414 3520 3482 tranquillitate.

1951 3507 2008 3549 ut
2043 3509 2295 3566 tauquam
2327 3515 2460 3552 nova
2486 3515 2684 3567 sponsa
2724 3501 2778 3554 in
2807 3503 2919 3556 otio
2940 3513 2995 3556 et
3019 3504 3202 3575 quiete
3234 3521 3521 3573 permane-

1951 3593 2054 3647 ret,
2097 3586 2200 3638 nisi
2251 3585 2566 3641 Emmanuel
2609 3588 2906 3657 imperator
2947 3591 3068 3644 [iliis
3107 3607 3328 3660 regnum
3380 3596 3520 3648 divi-

1949 3678 2130 3740 sisset,
2170 3694 2398 3745 quorum
2447 3679 2818 3735 dissensiones
2863 3698 3025 3737 causa
3057 3683 3208 3740 fuere
3246 3689 3521 3755 augmenti

1949 3769 2485 3835 Ottomanorumfct
2545 3774 2778 3839 propria:
2833 3775 3206 3840 perditionis:
3258 3778 3514 3846 quoniam

1948 3858 2205 3911 defuncto
2234 3857 2606 3924 Ennnanuelc,
2645 3861 2880 3916 .lo:tnues
2937 3866 3329 3933 primogenitus
3377 3867 3521 3936 cepit

1952 3949 2277 4018 imperium;
2313 3963 2366 4004 et
2398 3961 2513 4019 post
2552 3953 2724 4017 ipsum
2751 3969 2874 4007 cum
2900 3955 3291 4014 Constantinus
3331 3961 3382 4014 in
3420 3977 3519 4031 pa-

1947 4042 2103 4093 cilico
2129 4041 2370 4093 dominio
2400 4053 2544 4095 esset
2580 4046 2928 4111 constitutus,
2967 4057 3019 4100 et
3053 4048 3224 4104 Graeci
3254 4067 3376 4105 cum
3409 4051 3519 4106 Mu-

1947 4131 2193 4183 chemete
2250 4135 2488 4185 secundo
2546 4132 2721 4186 l'tedus
2771 4138 3194 4203 percussissem,
3260 4156 3366 4197 non
3422 4142 3514 4197 diu

1949 4225 2248 4288 permansit
2306 4226 2356 4278 in
2393 4228 2480 4279 illa
2539 4229 2948 4295 tranquillitate,
2982 4233 3106 4298 quia
3155 4231 3517 4289 Mecheun-tes

1949 4319 2217 4382 superbus
2255 4331 2305 4370 et
2342 4319 2574 4384 invidus,
2623 4323 2824 4376 hedera
2871 4339 2978 4378 non
3023 4327 3364 4391 restriciens,
3407 4330 3518 4384 imo

1946 4405 2052 4458 illis
2106 4411 2418 4475 postpositis
2471 4430 2571 4467 una
2640 4432 2760 4469 cum
2817 4416 3021 4484 legibus
3072 4429 3126 4469 et
3165 4419 3514 4486 iuramentis,

1947 4503 2409 4568 propuguamtlum
2438 4487 2804 4575 erexitiquod
2852 4508 3148 4562 vocabatur
3191 4510 3511 4580 Bogazator,

1873 4619 1916 4674 D
1945 4602 2054 4656 quo
2077 4591 2365 4656 completo,
2395 4607 2452 4647 se
2479 4593 2792 4650 Graecorum
2822 4598 3032 4653 hostem
3061 4600 3268 4653 detexit
3307 4621 3318 4654 :
3346 4615 3512 4672 «epit

1945 4682 2087 4734 enim
2125 4689 2398 4755 regionem
2445 4689 3102 4759 Constantiuopolitanam
3140 4696 3339 4748 damno
3397 4682 3529 4751 alii;

1944 4788 2100 4840 cere;
2136 4786 2188 4830 et
2222 4795 2344 4833 cum
2387 4782 2620 4833 maximo
2641 4784 2882 4836 exercitu
2914 4785 3195 4839 civitatem
3226 4786 3512 4844 obsidione

1945 4873 2146 4919 teneret
2200 4879 2363 4937 atque
2408 4873 2618 4939 magnis
2669 4874 3004 4937 bombardis.
3041 4893 3184 4932 anno
3220 4879 3508 4935 millesimo

1941 4956 2477 5025 quadringentesimo
2497 4967 2964 5036 'quiuquagesimo
3015 4971 3175 5024 tertio
3231 4959 3506 5025 civitatein

1940 5055 1994 5097 et
2014 5047 2311 5102 dominium
2365 5053 2549 5105 habuit
2582 5072 2594 5106 :
2642 5067 2759 5108 erat
2802 5061 2999 5127 quippe
3032 5059 3386 5115 Mcchemetes
3421 5061 3505 5114 vir

1942 5131 2337 5199 fraudulentus,
2371 5147 2423 5189 et
2457 5141 2733 5209 deceptor,
2781 5146 2922 5212 quod
2954 5145 3186 5209 diceret,
3222 5146 3380 5201 ﬁdem
3412 5164 3505 5202 so-

1940 5220 2047 5272 lum
2082 5237 2110 5274 a
2156 5225 2546 5279 mercatoribus
2571 5234 2918 5292 servandam,
2957 5247 3066 5284 non
3099 5247 3128 5285 a
3167 5235 3505 5303 principibus

1937 5312 2284 5376 cupientibus
2322 5329 2550 5382 magnos
2604 5317 2718 5370 limi
2761 5336 2774 5371 :
2821 5321 3128 5374 eratetiam
3178 5322 3261 5374 vir
3313 5338 3502 5392 sagax,

1937 5399 2273 5470 ingeniosus,
2310 5413 2365 5460 et
2389 5405 2828 5463 Christianorum
2868 5411 3040 5465 hostis
3070 5414 3393 5470 acerrimus.

2243 5541 2739 5601 EPiGRAMMATA
2789 5548 3070 5605 FIGURAE
3108 5551 3196 5606 IV.

1933 5654 1996 5706 A.
2031 5656 2316 5711 Sull/mnus
2343 5659 2606 5717 Pazaites.

1934 5724 1992 5777 Β.
2028 5727 2449 5805 Secundus_bos,
2487 5745 2534 5786 et
2564 5734 2685 5802 ﬁnis
2735 5736 3091 5805 .lrctotrophi,
3122 5739 3174 5792 id
3216 5752 3315 5805 est,
3362 5757 3503 5797 ursc

2004 5800 2247 5863 nutricis,
2287 5801 2458 5870 figura
2484 5800 2710 5858 ostendit
2743 5808 2912 5860 locum
2943 5800 2992 5861 et
3026 5824 3218 5865 mores.

2491 5893 2766 5952 EXPOSI
2777 5896 2915 5955 T10.

1999 5982 2232 6040 Dcttulat
2276 6000 2466 6059 quarta
2511 5990 2679 6062 ligura
2712 6008 3088 6059 successorem
3120 5995 3496 6065 Mechcmetis.
