4200 6438
758 359 898 424 1103

2171 372 2517 434 ΛΝΟΝΥΜΙ

3862 369 4005 439 1164

744 471 837 541 qui
877 470 977 524 fult
1027 468 1276 538 Bajesit;
1311 486 1480 541 quare
1531 472 1659 528 dicit
1706 475 2034 544 epigramma
2074 476 2112 527 Α
2150 494 2163 527 .·
2201 477 2322 531 Snl-
2348 480 2400 539 Α
2427 482 2578 535 venis
2611 481 2925 535 Solimanus
2956 480 3387 550 placidissimam
3436 490 3687 535 naturam
3724 484 4002 537 ettrinse-

747 564 929 617 tltanes
958 562 1224 617 Pasaites.
1261 563 1359 618 Ilic
1388 565 1570 618 habito
1602 576 1724 632 post
1747 578 1953 634 patrem
1981 568 2247 633 dominio,
2284 586 2314 624 a

744 657 910 707 Variis
949 654 1288 722 principibus
1315 655 1468 710 valde
1504 656 1604 709 fuit
1637 666 1901 722 vexatus;
1951 673 2141 713 omnes
2172 662 2314 713 enim

747 748 993 802 videntes
1010 747 1129 815 ejus
1151 750 1433 816 paciﬁcum
1468 749 1730 814 animum,
1756 760 1942 804 contra
1970 752 2143 820 ipsum
2167 768 2315 807 arma

742 837 1017 892 audebant
1040 853 1251 906 capere,
1276 848 1331 892 et
1355 839 1605 906 deﬁcere,
1631 840 1788 894 siculi
1820 840 2066 895 fecerunt
2095 845 2312 898 exsules

754 927 970 991 Muri-te,
996 929 1352 995 Macedoniae,
1376 947 1497 1000 qua:
1541 932 1714 985 medio
1745 930 1950 988 Nicnlai
1995 932 2234 1001 Zuppani
2266 945 2319 989 et

740 1015 965 1072 Joannis
995 1018 1343 1074 Cernovichii
1378 1022 1429 1073 in
1485 1031 1683 1075 statum
1718 1037 1776 1076 se
1810 1023 2162 1077 reduxerunt.
2202 1024 2317 1076 Istue

740 1105 861 1157 dum
889 1110 1180 1175 provincias
1209 1111 1273 1162 ad
1328 1110 1687 1166 defectionem
1740 1121 1927 1168 tracta:
1957 1114 2319 1169 ostenduntur

743 1196 956 1250 duobus
995 1197 1103 1251 illis
1133 1200 1403 1267 capitibus
1430 1201 1872 1270 juveneularum,
1899 1219 2019 1274 qua:
2053 1219 2149 1273 per
2181 1219 2313 1274 pau—

740 1299 865 1339 cum
904 1295 1120 1356 tempus
1154 1289 1208 1343 in
1241 1290 1493 1347 libertate
1517 1302 1963 1363 permanserunt.

812 1374 913 1430 llic
948 1378 1245 1448 imperator
1296 1381 1508 1451 Bajexit
1557 1399 1663 1439 non
1709 1385 1779 1438 ab
1814 1401 1874 1440 re
1917 1395 2171 1440 ostensus
2217 1385 2319 1440 fuit

742 1463 911 1537 ﬁgura
964 1469 1116 1525 bovis
1162 1472 1548 1542 symbologica,
1599 1474 1727 1543 quia
1770 1490 1986 1546 semper
2021 1477 2173 1547 pacis
2216 1476 2321 1530 fuit

741 1562 971 1624 amicus,
1022 1572 1082 1615 ut
1138 1561 1303 1617 homo
1350 1565 1517 1617 animi
1553 1567 1763 1634 pacifici
1790 1577 1844 1622 et
1872 1569 2021 1621 mitis
2056 1578 2262 1620 natura:
2299 1584 2311 1619 :

740 1650 843 1704 fuit
884 1654 967 1706 vir
1008 1652 1354 1724 intelligens,
1416 1658 1775 1728 philosophia:
1838 1658 2207 1723 incumbebat,
2264 1668 2318 1713 et

740 1746 1043 1812 praesertim
1074 1747 1122 1801 ei
1159 1748 1409 1815 placuere
1438 1747 1694 1805 Averrois
1723 1763 1910 1819 Opera,
1939 1758 1991 1803 ct
2021 1748 2119 1804 fuit
2152 1751 2318 1819 impc-

741 1843 892 1889 rator
913 1842 967 1890 et
994 1836 1253 1895 dominus
1284 1838 1440 1891 home
1483 1839 1659 1894 fanue.

1061 1926 1557 1985 EPIGRAMMATA
1602 1930 1882 1987 FlGUII/E
1923 1930 1982 1984 V.

740 2011 808 2068 Α.
846 2017 971 2069 Alia
1010 2016 1251 2086 qumdam
1301 2036 1429 2071 ursa
1478 2019 1705 2072 secunda
1739 2020 2217 2083 schimnotropltus.
2251 2019 2307 2071 id

808 2097 907 2145 est,
943 2086 1240 2139 catulorum
1265 2091 1468 2142 nutrix.
1506 2101 1551 2140 et
1576 2090 1787 2141 omnino
1817 2088 1914 2140 illa
1939 2098 2129 2155 prwter
2152 2105 2306 2157 quam

808 2157 947 2225 quod
983 2158 1354 2209 umbratilibus
1383 2158 1643 2212 tractibus
1679 2159 1972 2213 delineata.

739 2245 801 2299 Β.
843 2245 1132 2299 Sull/ianus
1161 2244 1211 2299 Si
1229 2247 1404 2301 limus.

739 2336 803 2387 tl.
844 2334 923 2385 Ad
955 2335 1208 2414 orientem
1237 2336 1399 2414 solem
1425 2336 1666 2404 utrinque
1693 2351 1902 2390 corona:
1949 2346 2150 2404 partem
2178 2336 2313 2404 infe-

814 2417 932 2457 runt
966 2406 1126 2456 totius
1159 2406 1385 2472 imperii.

742 2494 803 2548 D.
829 2493 1007 2548 Motus
1035 2504 1319 2561 temporum
1344 2498 1735 2564 intempestivus
1771 2499 1891 2563 erit,
1909 2516 2029 2551 nam
2049 2517 2077 2551 rt
2102 2516 2309 2554 summa

814 2566 866 2618 in
893 2581 1155 2617 summum
1181 2565 1521 2619 describitur.

1303 2653 1736 2710 EXPOSITIO.

811 2745 987 2799 Sicuti
1037 2746 1287 2815 symbolo
1329 2746 1483 2801 bovis
1533 2746 1589 2800 in
1619 2754 1813 2817 quarta
1864 2746 2036 2815 ﬁgura
2089 2754 2311 2802 ostensa

742 2845 826 2890 cst
858 2846 1048 2889 natura
1086 2834 1350 2904 Bajevitis
1389 2836 1616 2890 secundi
1672 2836 2022 2906 imperatoris
2068 2836 2122 2889 in
2166 2835 2311 2888 Cou-

747 2927 1140 2995 stantinopoli,
1192 2928 1264 2979 ita
1312 2927 1365 2981 in
1422 2928 1526 2981 hac
1559 2926 1749 2995 quinta
1802 2926 2016 2996 figura,
2068 2926 2313 2996 symbolo

745 3034 889 3074 ursae
942 3034 1065 3071 cum
1102 3018 1281 3082 capite
1317 3018 1529 3088 gryphii
1559 3057 1574 3081 ,
1602 3026 1657 3071 et
1694 3032 1818 3071 cum
1851 3026 2086 3086 quatuor
2116 3016 2312 3072 catulis

2422 586 2523 626 cus
2551 572 2905 636 ostendebat;
2944 575 2996 624 in
3027 586 3137 639 quo
3172 580 3357 639 postea
3409 572 3564 625 multi
3593 572 3806 640 decepti
3849 585 4004 638 sunt,

2420 664 2723 731 praesertim
2758 661 2950 715 infelix
2988 661 3167 715 Morea
3216 670 3438 715 ostensa
3469 662 3649 731 capite
3690 663 4007 731 illojuvcn-

2422 753 2573 818 cnlaa,
2597 768 2718 820 quae
2747 767 2871 807 cum
2910 767 2937 803 a
2961 752 3094 821 jugo
3124 753 3343 822 tyranni
3389 766 3447 806 se
3500 751 3850 805 liberaturum
3894 768 4004 822 pu-

2421 851 2579 903 taret,
2612 857 2734 895 cum
2768 842 2984 896 Gazelle
3038 856 3097 895 se
3150 840 3472 908 conjunxit,
3507 842 3598 908 qui
3630 850 3829 909 praeter
3864 858 4005 912 pro-

2426 935 2650 987 missam
2686 933 2846 987 ﬁdem
2873 932 3104 987 credens
3134 931 3308 1002 Syriae
3354 932 3656 986 dominium
3698 948 4002 1000 occupare,

2421 1033 2614 1077 contra
2633 1023 2971 1078 Solimanum
2997 1039 3321 1092 progressus
3353 1022 3493 1076 adeo
3524 1022 3848 1092 profligatus
3880 1034 3997 1088 est,

2423 1124 2478 1167 ut
2521 1114 2706 1168 infelix
2741 1114 2918 1169 Morea
2954 1114 3100 1168 facta
3128 1116 3198 1169 sit
3225 1114 3404 1168 a-lhuc
3432 1112 3726 1168 infelicior.

2493 1206 2629 1259 Vere
2658 1205 2755 1259 fuit
2776 1205 3087 1259 Solimanus
3118 1219 3265 1267 rosa,
3296 1203 3349 1257 id
3404 1210 3509 1264 est,
3539 1218 3633 1255 vcr
3664 1219 3789 1256 cum
3823 1203 3993 1259 falce.

2422 1297 2472 1350 id
2504 1308 2726 1352 cstcnm
2767 1312 2942 1351 messe
2974 1313 2986 1348 :
3024 1296 3146 1351 ideo
3199 1295 3334 1349 dicit
3389 1295 3728 1364 epigramma
3777 1295 3823 1348 Β
3849 1313 3865 1346 ;
3895 1294 4005 1347 Hic

2418 1388 2671 1439 exsislcns
2692 1395 2913 1453 quartus
2944 1386 3008 1438 ab
3034 1402 3184 1447 ursa,
3204 1395 3333 1446 ctc.,
3353 1392 3407 1438 et
3430 1386 3485 1438 in
3515 1385 3907 1453 epigrammate
3936 1384 4003 1447 Γ,

2421 1476 2680 1543 Falcifer,
2705 1486 2811 1530 etc.
2840 1474 3035 1545 Figura
3068 1476 3172 1530 ista
3201 1482 3380 1545 potest
3411 1474 3516 1527 hoc
3549 1482 3707 1541 pacto
3745 1472 4001 1542 intelligi,

2418 1562 2564 1631 quod
2595 1576 2721 1614 cum
2766 1562 2930 1614 fuerit
2986 1560 3283 1630 imperator
3315 1561 3630 1615 Solimanus
3656 1560 3741 1614 vir
3778 1560 3871 1628 qui
3916 1562 4005 1611 fa—

2421 1668 2561 1706 mam
2596 1654 2891 1708 ostendere
2930 1653 3091 1707 vellet
3123 1651 3418 1722 vigilantiaa
3457 1659 3512 1705 et
3547 1650 3875 1719 prudentiae,
3911 1650 4002 1699 fu-

2423 1755 2581 1798 turus
2613 1752 2752 1808 erat,
2787 1755 2845 1798 ut
2880 1746 2973 1813 qui
3006 1745 3156 1798 vadit
3211 1744 3277 1796 ad
3329 1756 3565 1797 messem
3609 1742 3750 1797 falce
3782 1749 3999 1810 parata,

2418 1838 2573 1906 quasi
2610 1836 2793 1891 dicere
2843 1838 3030 1898 vellet,
3090 1834 3234 1905 quod
3278 1835 3396 1903 ipse
3450 1835 3725 1889 exsistens
3775 1832 4000 1894 messis,

2418 1926 2789 1996 paucissimze,
2823 1933 2917 1978 aut
2967 1925 3128 1978 nullae
3176 1923 3596 1993 jurisdictiones
3629 1936 3732 1975 suo
3754 1921 4005 1973 maximo

2418 2017 2649 2086 imperio
2683 2032 2777 2085 per
2827 2029 3201 2070 successorem
3244 2013 3467 2083 adjungi
3519 2011 3789 2065 debebant
3822 2026 3836 2062 :
3874 2024 4001 2061 rosa

2414 2110 2559 2163 enim
2595 2107 2740 2178 apud
2763 2107 3055 2177 {Egyptios
3095 2106 3389 2158 humanam
3431 2102 3783 2172 fragilitatem
3823 2099 4002 2168 signi-

2418 2198 2560 2261 ﬁcat,
2593 2206 2647 2251 et
2699 2197 2961 2251 indicium
3014 2195 3141 2248 boui
3180 2192 3477 2263 fugientis;
3512 2191 3635 2245 ideo
3693 2188 3909 2256 antiqui
3946 2188 4002 2239 in

2421 2287 2679 2341 manibus
2710 2284 3098 2340 defunctorum
3139 2298 3296 2338 rosas
3326 2280 3602 2351 ponebant
3631 2288 3682 2333 et
3710 2278 3898 2340 liores,
3918 2286 4004 2329 at-

2415 2391 2521 2447 que
2558 2390 2725 2445 super
2783 2374 3105 2428 defunctum
3156 2379 3211 2425 et
3261 2372 3578 2441 sepulcrum
3629 2370 3999 2437 spargebant,

2418 2478 2471 2521 et
2512 2468 2592 2523 sic
2628 2480 2753 2520 rosa
2794 2466 2847 2518 in
2883 2479 3047 2517 manu
3086 2462 3229 2530 regis
3276 2462 3330 2515 in
3363 2461 3621 2531 praesenti
3652 2459 3823 2526 ﬁgura
3858 2457 4003 2509 indi-

2416 2560 2560 2613 cium
2593 2557 2721 2611 boni
2752 2556 3012 2625 fugientis
3031 2556 3271 2609 denotat.
3292 2552 3477 2606 Potest
3506 2553 3669 2605 etiam
3699 2550 3835 2610 dici.
3854 2548 4002 2616 quod

2417 2647 2665 2716 angelus,
2691 2657 2751 2699 ut
2783 2646 2839 2697 in
2866 2643 3038 2712 ﬁgura
3065 2643 3351 2712 aspicitur,
3372 2640 3684 2709 praedixerit
3709 2640 3868 2690 linem
3897 2638 4003 2688 im-

2418 2734 2724 2806 perii.Cum
2756 2736 2954 2789 etenim
2988 2734 3199 2788 dicatur
3223 2734 3275 2786 in
3297 2735 3686 2802 epigrammate
3707 2730 3780 2785 C:
3814 2728 4003 2781 Fulci-

2415 2828 2495 2895 fer
2522 2828 2785 2880 trimestre
2812 2828 2905 2878 tibi
2937 2826 3168 2893 spatium
3218 2824 3527 2891 prwscribo,
3560 2822 3690 2890 quid
3724 2823 3877 2875 aliud
3907 2830 3993 2876 est

2416 2932 2577 2988 quant
2611 2917 2817 2983 dicere,
2855 2925 2980 2986 post
3032 2925 3183 2967 tuum
3224 2914 3513 2983 imperium
3547 2912 3858 2982 regnabunt
3890 2922 4005 2965 tres

2415 3011 2799 3078 imperatores,
2845 3015 2900 3062 et
2957 3007 3153 3062 deinde
3218 3006 3344 3061 ﬁnis
3393 3005 3500 3059 erit
3553 3004 3725 3060 totius
3778 3002 4002 3073 imperii

746 3110 1060 3165 ostenditur
1087 3120 1281 3163 natura
1328 3110 1668 3164 successoris
1713 3106 1998 3175 Bajexitis,
2030 3118 2085 3162 et
2114 3122 2308 3163 nomen
2340 3143 2387 3206 Ο
2416 3100 2859 3154 Ottomanorum.

748 3218 841 3271 per
874 3203 1207 3273 epigramma
1236 3200 1280 3253 Β
1316 3200 1506 3260 dicetis
1531 3241 1545 3263 ,
1592 3200 1883 3254 Sulthanus
1910 3201 2156 3254 Selimus.
2206 3201 2313 3256 Iste

748 3308 933 3346 revera
968 3292 1066 3345 fuit
1112 3291 1274 3347 sicuti
1321 3292 1410 3344 hic
1457 3301 1542 3345 est
1593 3291 1879 3360 figuratus.
1934 3290 2057 3344 Fuit
2108 3292 2311 3345 ctenim

744 3387 821 3439 ita
849 3382 1091 3437 crudelis
1117 3424 1133 3448 ,
1184 3391 1242 3436 ut
1285 3383 1442 3437 valde
1475 3382 1787 3436 incubuerit
1822 3383 1887 3435 ad
1932 3397 2123 3437 omnes
2162 3379 2315 3437 Otto-

747 3489 983 3529 mannos
1019 3475 1473 3544 exstinguendos,
1520 3472 1742 3539 fratres,
1794 3483 2041 3543 nepotes,
2077 3481 2132 3528 et
2179 3487 2313 3527 con-

747 3567 1079 3635 sanguineos
1108 3579 1241 3620 suos
1271 3579 1285 3615 :
1321 3572 1376 3621 ct
1401 3564 1652 3632 quamvis
1680 3571 1827 3619 esset
1856 3563 2079 3619 Selinus
2111 3564 2313 3633 prOprii

749 3660 1033 3729 sanguinis
1063 3659 1339 3712 homicida
1365 3697 1380 3721 ,
1412 3657 1601 3711 (licens
1627 3656 1764 3710 nihil
1806 3671 1930 3711 esse
1987 3667 2093 3709 tam
2133 3656 2312 3715 dulce.

746 3767 910 3821 quam
939 3751 1058 3807 sine
1092 3750 1624 3818 consanguineorum
1659 3749 1855 3803 timore
1892 3748 2181 3816 imperare,
2210 3747 2311 3800 fuit

750 3854 930 3897 tamen
964 3840 1191 3911 justitize
1227 3847 1464 3903 amator,
1502 3838 1834 3908 virtutisque
1876 3853 1939 3891 ac
1985 3837 2317 3905 magnitudi-

748 3935 833 3990 nis
853 3951 869 3999 ;
892 3933 1125 4003 vigilans
1157 3931 1278 3995 fuit,
1304 3930 1481 3992 ferox,
1512 3940 1567 3983 et
1599 3930 1653 3982 in
1685 3931 1831 3983 victu
1868 3930 2167 3984 modestus.
2211 3928 2342 3997 Sed.

746 4026 807 4081 in
837 4040 1062 4082 suarum
1094 4022 1452 4077 victoriarum
1481 4021 1822 4075 incremento
1849 4022 1995 4074 vires
2026 4020 2275 4074 defecere
2301 4036 2313 4070 :

747 4129 872 4173 orto
903 4117 1051 4171 enim
1088 4116 1142 4169 in
1188 4113 1414 4167 renibus
1442 4112 1623 4166 ulcere
1643 4153 1657 4176 ,
1688 4112 2017 4167 corrodente
2052 4119 2106 4166 et
2142 4110 2317 4180 pesti-

750 4210 878 4264 lenti
907 4207 1057 4262 febre
1081 4217 1367 4274 correptus
1387 4246 1401 4268 ,
1457 4217 1708 4259 mortuus
1739 4215 1842 4258 est.
1879 4203 2003 4259 Ideo
2030 4205 2163 4257 dicit
2201 4206 2319 4274 epi-

750 4316 995 4373 gramma
1030 4298 1095 4365 Β,
1162 4296 1343 4351 Motus
1393 4306 1716 4363 temporum,
1763 4305 1869 4350 etc.
1923 4295 2089 4361 Quasi
2138 4296 2321 4349 dicere

749 4392 913 4447 vellet
966 4390 1110 4458 quod
1170 4403 1403 4458 sperans
1458 4387 1523 4439 ad
1557 4388 1660 4439 alia
1716 4396 1917 4455 tropaea
1960 4393 2016 4439 et
2062 4384 2323 4439 victorias

753 4483 1013 4545 transire,
1044 4479 1311 4547 aegritudo
1351 4478 1575 4532 abstulit
1600 4477 1844 4529 animum
1872 4484 1924 4528 et
1959 4476 2147 4528 vitam.

1060 4568 1417 4623 EPIGRAMM
1431 4569 1567 4623 A'I'A
1609 4566 1718 4622 [ι’ιῦ
1730 4566 1768 4621 U
1780 4566 1895 4622 [UE
1940 4565 2026 4618 Vl.

751 4666 821 4722 Α.
860 4663 1152 4721 Sultltanus
1179 4663 1513 4718 Solimanus.

757 4762 813 4815 ll.
862 4758 963 4813 llic
987 4760 1242 4812 exsistant:
1271 4765 1493 4827 quartus
1533 4753 1598 4807 ab
1630 4769 1758 4807 ursa
1786 4767 1904 4807 cum
1941 4750 2078 4817 falce
2118 4762 2165 4803 et
2203 4767 2327 4804 rosa

830 4831 905 4886 vir
935 4828 1250 4882 contendens
1279 4828 1346 4879 ad
1382 4842 1622 4879 messem.

752 4922 817 4977 Β.
860 4918 1100 4987 [falcifer
1152 4927 1420 4972 tremestre
1452 4917 1546 4969 tibi
1584 4916 1817 4987 spatium
1860 4912 2168 4980 prwscribo,
2208 4927 2327 4966 ense

826 5000 997 5044 autem
1022 4986 1224 5043 multas
1249 4990 1512 5056 primitias
1541 4986 1793 5039 evertisti.

757 5083 820 5137 D.
860 5080 1076 5149 Templa
1111 5081 1377 5134 idolorum
1408 5078 1544 5132 brevi
1597 5088 1825 5144 tempore
1869 5076 2067 5149 erigis,_
2106 5085 2211 5127 tres
2251 5082 2329 5125 ter

826 5145 1002 5206 autem
1026 5155 1192 5205 vivens
1222 5152 1410 5204 invita
1455 5150 1679 5202 circulos
1710 5162 1886 5213 senex,
1929 5146 2016 5198 ubi
2051 5145 2106 5196 in
2148 5159 2327 5197 arcum

828 5224 961 5277 duos
992 5225 1227 5291 linquens
1254 5230 1577 5289 superstites.

1321 5308 1596 5365 EXPOSI
1607 5307 1680 5363 TI
1687 5308 1754 5365 0.

837 5404 909 5457 Ea
947 5403 1047 5457 fuit
1069 5402 1256 5458 Selimi
1285 5399 1607 5465 crudelitas,
1634 5410 1694 5454 ut
1720 5416 1843 5455 cum
1872 5408 2126 5455 mortuus
2155 5408 2324 5465 esset,

762 5496 893 5550 etei
924 5496 1073 5549 ﬁlius
1099 5494 1411 5549 Solimanus
1452 5494 1812 5549 successisset
1863 5495 2044 5565 (sicuti
2086 5494 2332 5548 ostendi—

763 5599 853 5642 tur
889 5590 940 5641 in
972 5586 1224 5657 praesenti
1254 5586 1422 5655 ﬁgura
1451 5585 1705 5656 symbolo
1760 5588 1925 5657 regis)
1957 5587 2216 5641 omnibus
2252 5589 2331 5639 vi-

765 5681 1008 5740 deretur,
1059 5676 1365 5731 discedisse
1414 5675 1625 5730 leonem
1671 5675 1935 5739 ferocem,
1995 5690 2207 5739 ursum,
2242 5687 2334 5730 aut

769 5767 949 5836 tigrim
977 5807 991 5834 ,
1026 5778 1079 5823 ct
1118 5781 1317 5835 agnum
1365 5773 1710 5820 mansuetum
1745 5765 2050 5835 reliquisse,
2085 5763 2218 5818 adeo
2244 5766 2331 5835 ju-

2717 3210 3213 3267 EPIGRAMMA'I‘A
3251 3208 3359 3264 FIG
3372 3206 3537 3265 UIUE
3583 3205 3687 3261 VII.

2417 3327 2482 3380 Α.
2528 3325 2690 3378 Blube
2723 3323 2946 3376 kalikos.

2418 3396 2478 3448 Β.
2528 3395 2647 3457 "ei,
2696 3394 2775 3446 hei
2818 3396 3009 3446 misera
3054 3401 3103 3446 et
3130 3407 3431 3446 wrumnosa
3470 3390 3679 3450 civitas,
3733 3386 3999 3455 siquidem

2491 3464 2839 3517 miserabilem
2873 3463 3035 3515 lucem
3069 3471 3214 3515 tuam
3258 3460 3629 3513 miserabiliter
3667 3458 3994 3522 corrumpis.

2500 3533 2654 3587 Plebs
2680 3549 2837 3597 parvo
2861 3542 3087 3599 tempore
3113 3531 3157 3585 K
3183 3531 3470 3592 obtinebit;
3498 3532 3552 3580 in
3578 3527 3857 3599 tegmultag
3890 3542 3999 3577 cre-

2489 3603 2577 3655 des
2608 3612 2655 3655 et
2681 3596 3019 3669 profusiones
3050 3602 3345 3667 sanguinis,
3377 3615 3496 3669 non
3553 3597 3764 3669 deficies
3799 3596 3864 3669 ab
3894 3611 3999 3669 un-

2488 3665 2698 3725 decima
2738 3665 2891 3725 aetate
2949 3681 3049 3740 qua
3102 3665 3311 3724 orieris.
3369 3668 3433 3740 Et
3473 3668 3699 3740 quinque
3743 3665 4001 3740 primitiae

2493 3741 2811 3793 monarchitc
2861 3734 3142 3795 draconem
3199 3737 3537 3792 dilaniabunt
3596 3734 3905 3795 libocidam,
3951 3742 4000 3784 et

2491 3813 2734 3863 minutim
2781 3811 3074 3878 discerpent
3123 3808 3282 3877 hujus
3343 3812 3889 3878 tenuescarnesnet
3946 3803 4001 3852 in

2498 3882 2633 3934 bello
2687 3890 2889 3949 gentem
2936 3873 3213 3947 eﬂeratam
3266 3873 4001 3949 ensercon/icientinﬁnitum

2498 3944 2769 4003 numerum
2816 3949 2883 4001 ad
2920 3944 3011 4003 sea:
3061 3960 3254 4015 septem
3309 3947 3482 4000 millia
3536 3960 3553 3996 :
3600 3944 4002 4015 ﬂagitiosusque

2492 4022 2684 4083 omnis,
2711 4034 2760 4073 et
2794 4020 2933 4072 ca’de
2984 4012 3237 4081 satiatus,
3291 4016 3540 4077 moechus,
3573 4012 3844 4073 adulator,
3864 4026 4004 4083 prir-

2490 4080 2679 4157 doque
2729 4090 2865 4141 lianc
2937 4080 3239 4157 supremum
3303 4087 3545 4139 videbunt
3606 4092 3729 4135 ante
3816 4080 4001 4132 oculos

2494 4162 2683 4214 lucent.

2704 4265 3207 4321 EPIGRAMMATA
3247 4260 3531 4319 FIGUIUE
3576 4258 3713 4313 VIII.

2427 4384 2491 4435 A.
2530 4381 2643 4436 Ton
2670 4380 2712 4433 Β
2746 4382 3016 4449 dpnonton
3051 4396 3080 4433 ο
3114 4377 3356 4449 tritosA.

2353 4473 2397 4527 ι)
2428 4453 2485 4505 Β.
2514 4452 2619 4529 Sub
2652 4438 2867 4529 vulpina
2903 4452 3049 4528 pelle.
3072 4448 3385 4529 amicitiam
3411 4442 3863 4529 dissimulans,_et
3892 4438 4000 4505 for-

2500 4523 2621 4574 titer
2646 4513 2878 4571 animum
2905 4513 3199 4578 continens.
3221 4527 3275 4567 ut
3301 4514 3453 4586 galde
3490 4528 3646 4586 senes:
3665 4513 3994 4586 e_t__sapi_en_s,

2496 4591 2586 4644 scd
2613 4590 2815 4642 veniens
2840 4590 2907 4641 ad
2942 4588 3145 4641 insulas
3182 4586 3261 4638 bis
3290 4584 3607 4654 Eptataulos
3647 4582 3769 4633 aliis
3816 4580 4001 4629 dimis-

2499 4662 2573 4712 sis
2601 4659 2694 4725 qui
2716 4661 2935 4711 invicem
2967 4673 3022 4710 se
3046 4657 3381 4725 attriverant.

2428 4730 2489 4784 C.
2526 4729 2593 4782 Et
2613 4721 2649 4779 ὀ
2681 4728 2953 4797 effusiones
2994 4724 3292 4797 sanguinis,
3323 4733 3380 4775 tu
3414 4721 3653 4797 victoria:
3686 4732 3878 4797 manus
3912 4730 4005 4797 ex-

2497 4787 2734 4864 plicuist't'
2763 4797 2996 4865 benigne,
3046 4787 3117 4848 et-
3142 4793 3381 4846 bravium
3427 4792 3647 4859 adeptus
3688 4804 3743 4842 es
3797 4788 3851 4839 in
3902 4787 4006 4852 ﬁne

2497 4880 2707 4934 sceptri.

2729 4964 3235 5026 EPIGRAMMATA
3271 4965 3551 5021 FIGURAE
3593 4962 3684 5019 IX.

2431 5067 2496 5121 Α.
2535 5062 2622 5119 Va:
2654 5064 2769 5129 tibi,
2794 5063 3101 5132 septicollis,
3121 5060 3334 5132 quando
3357 5060 3660 5132 vicesimum
3693 5054 4005 5132 elementum

2504 5136 2695 5205 faustis
2730 5129 3201 5188 acclamationibus
3238 5135 3530 5199 accipietur
3575 5129 3633 5205 in
3665 5137 3756 5205 tua
3792 5129 4003 5203 nimum,

2506 5198 2629 5259 tunc
2660 5206 2898 5257 imminet
2933 5208 3089 5257 ruina
3114 5212 3165 5256 et
3231 5198 3463 5256 extrema
3502 5198 3781 5251 calamitas
3809 5198 4007 5262 prima-

2508 5278 2650 5333 tibus
2671 5278 2795 5339 tuis,
2819 5285 2867 5329 et
2898 5275 2994 5327 hoc
3014 5274 3262 5339 judicum
3294 5271 3603 5341 iniquitate.

2437 5346 2756 5416 B.Byzanti
2782 5333 2924 5416 ἀξια
2954 5333 3237 5416 ειῗρεηαιεε
3271 5333 3631 5416 constantius".
3665 5334 3854 5416 Roma,
3902 5333 4005 5416 Ba-

2505 5409 2682 5484 bylon,
2709 5424 2759 5469 et
2819 5414 2950 5469 Sion
2974 5409 3086 5467 alia
3137 5428 3292 5466 nova.
3313 5409 3455 5484 _Tre_s
3504 5418 3581 5460 ter
3619 5415 3827 5459 centum
3866 5416 3918 5455 et
3955 5415 4006 5484 tiu

2505 5471 2681 5556 d'éges'
2711 5503 2899 5548 armos,
2961 5501 3084 5556 una
3122 5498 3255 5535 nova
3305 5480 3468 5556 Icade
3509 5485 3746 5556 excepta,
3795 5471 4005 5556 quando

2506 5545 2749 5626 congeras
2774 5545 3006 5625 gentium
3039 5553 3344 5626 thesauros,
3371 5560 3423 5626 et
3441 5549 3570 5626 jura
3602 5545 3756 5597 dabis
3805 5545 4005 5595 cunctis

2508 5622 2705 5680 circum
2763 5622 3096 5694 pliilarcliiis,
3131 5622 3221 5678 sed
3272 5631 3318 5676 te
3364 5622 3502 5689 ignis
3559 5629 3817 5695 saturnius,
3848 5626 4006 5694 genus

2509 5698 2704 5761 ﬂavum
2736 5685 2783 5753 te
2812 5711 3018 5752 onmem
3056 5685 3261 5760 exuret,
3297 5703 3344 5746 et
3380 5685 3529 5745 tuum
3571 5685 3819 5740 dissolvet
3846 5686 4005 5750 impe-

2512 5784 2664 5821 rium.
