4200 6438
306 441 442 506 1105

607 551 1104 608 EPIGRAMMATA
1147 555 1427 611 FIGUR/l“.

291 645 346 696 A.
395 644 609 712 Optima
646 662 860 726 qumque
906 649 1176 716 colligens.
1208 661 1256 702 et
1303 650 1534 728 afﬂigens
1575 653 1850 717 pra'minm

356 717 636 782 injustitim
666 720 974 780 pessimum,
1006 736 1107 786 quo
1141 717 1365 785 tempore
1393 723 1621 773 medium
1647 735 1848 774 astrum

360 786 525 838 visum
557 789 716 854 [nerit
751 789 1040 856 nigricans.

869 898 1290 957 EXPOSITIO.

354 1007 478 1061 Istis
532 1019 771 1076 quatuor
823 1010 1009 1076 ﬁguris
1060 1015 1398 1082 c0uspicitur
1442 1015 1596 1068 ruina
1637 1015 1848 1085 imperii

281 1097 621 1164 Ottonianni,
664 1102 784 1155 ideo
811 1104 1052 1156 osmndit
1076 1108 1307 1173 septima
1342 1106 1512 1176 ﬁgura
1541 1107 1848 1162 Constanti-

279 1192 520 1258 nopolim
573 1191 957 1262 depopulatam
987 1212 1002 1248 :
1035 1212 1206 1264 quare
1239 1200 1632 1269 epigrammate
1666 1202 1710 1255 Β
1765 1204 1846 1257 vi-

278 1283 435 1335 detur
473 1284 714 1338 civitatis
763 1293 809 1352 p!
837 1296 1026 1351 natus,
1058 1298 1220 1356 atque
1263 1292 1342 1344 sic
1380 1293 1720 1362 relinquetur
1756 1312 1846 1348 va-

277 1387 376 1424 cua
403 1374 560 1426 sedes
594 1375 915 1441 imperialis,
943 1377 1106 1431 siculi
1143 1380 1362 1433 videtur
1394 1381 1447 1435 in
1474 1397 1616 1436 nona
1640 1383 1841 1451 ﬁgura;

276 1463 370 1516 sed
399 1464 617 1530 quando
637 1465 741 1517 huc
773 1465 1016 1520 futurum
1041 1469 1130 1530 sit,
1156 1470 1392 1526 ostendit
1418 1475 1750 1542 epigramma
1776 1477 1841 1538 Α,

274 1551 444 1620 ipsius
495 1568 650 1606 nona:
699 1552 924 1624 ﬁgurae,
963 1557 1199 1611 dicens:
1246 1559 1336 1612 Va:
1383 1563 1499 1625 tibi,
1525 1565 1837 1631 septicollis,

269 1644 482 1708 quando
516 1646 823 1698 vicesimum
864 1648 1179 1701 elementum
1207 1650 1403 1718 faustis
1436 1654 1841 1708 acclamationi-

269 1737 363 1789 bus
393 1739 684 1804 excipietur
721 1740 776 1790 in
817 1750 910 1790 tua
939 1747 1127 1793 mania
1146 1757 1165 1804 ,'
1201 1743 1386 1807 idest,
1427 1741 1513 1798 Va:
1549 1748 1670 1811 tibi,
1698 1746 1841 1800 Con-

269 1829 655 1895 smntinopolis
703 1830 1004 1896 septicollis
1037 1832 1174 1900 (ipsa
1210 1831 1355 1885 dicta
1387 1842 1470 1886 est
1512 1837 1835 1902 septicollis,

1280 447 1794 508 OliAllULORUM
1843 446 2112 508 LEONIS
2152 449 2568 514 EXPOSITIO.

3403 471 3422 529 1
3438 471 3538 533 166

1886 579 1928 634 Α
1961 589 2110 634 ιιιιηη
2143 583 2536 651 quiescentem,
2565 586 2666 641 hoc
2691 596 2794 653 est,
2830 592 2920 659 qui
2947 609 3010 646 ex
3041 594 3266 664 antiqua
3303 606 3354 650 ct
3387 614 3478 668 ιιιιε
3507 616 3533 652 a

1958 679 2123 737 δίει-νε
2153 672 2420 741 originem
2457 679 2659 730 trahat.

2252 761 2744 820 EI’IGIIAMMAT.—\
2792 768 3072 824 FIGl'Rxﬁ
3121 774 3231 828 .\'|l.

1953 853 2014 903 Α.
2056 851 2266 904 Petram
2297 855 2549 919 insolens,
2581 877 2674 925 age
2696 861 2796 912 Imc
2825 865 2950 912 milii
2980 863 3186 931 hospes,
3220 869 3414 921 relictis
3451 871 3530 923 la-

2024 925 2215 989 crymis
2260 926 2468 996 rituque
2516 933 2710 996 agresti
2757 942 2806 984 et
2841 925 3087 986 solitaria
3116 977 3129 996 ,
3162 925 3210 987 et
3247 941 3352 990 vit-e
3385 958 3527 992 mur-

2027 1004 2146 1046 tuus
2173 1005 2219 1046 et
2257 994 2522 1062 afﬂictus,
2553 994 2728 1054 nudus
2774 1019 2959 1056 rursus
2989 994 3201 1058 redi'atl
3237 1025 3472 1075 superos.

2528 1090 2958 1151 EXPOSITIO.

2023 1177 2249 1232 Videtur
2279 1182 2332 1235 in
2382 1186 2637 1252 prtesenti
2661 1186 2852 1256 ﬁgura,
2881 1190 3024 1258 quod
3061 1191 3190 1245 dum
3229 1196 3526 1263 requiritur

1947 1268 2032 1320 vir
2063 1273 2320 1338 superius
2370 1276 2584 1340 dictus,
2629 1293 2757 1331 ecce
2799 1280 2994 1335 alliicta
3035 1287 3358 1354 septicollis,
3403 1304 3525 1357 qua:

1945 1363 2137 1420 dolens
2192 1383 2385 1424 versus
2414 1371 2766 1438 juvencnlam
2819 1377 2966 1431 illam
2998 1381 3150 1444 dicit,
3186 1381 3401 1436 Petram
3442 1386 3523 1438 in-

1944 1459 2140 1521 colens,
2167 1469 2300 1524 etc.,
2353 1467 2514 1532 quasi
2549 1468 2728 1523 dicere
2774 1471 2922 1533 velit,
2951 1473 3032 1525 Ad
3065 1489 3152 1528 me
3185 1478 3522 1543 septicollem

1941 1561 2060 1614 quae
2082 1549 2134 1600 in
2165 1553 2264 1605 hac
2287 1563 2434 1621 petra
2463 1557 2650 1611 clausa
2690 1574 2834 1624 sum,
2860 1562 2911 1613 id
2931 1571 3036 1626 est,
3071 1564 3124 1616 in
3148 1564 3250 1618 hac
3268 1565 3519 1620 amictio-

1945 1651 2034 1699 ne,
2068 1641 2274 1702 venias,
2297 1659 2330 1695 ο
2353 1645 2587 1713 advena,
2619 1649 2884 1718 depositis
2916 1652 3170 1721 lacrymis
3187 1663 3241 1708 et
3278 1658 3384 1708 vita
3423 1672 3518 1710 so-

1942 1729 2119 1784 litaria
2156 1743 2376 1802 pr0pter
2399 1739 2588 1806 jugqu
2623 1740 3080 1804 Maucmetanum,
3107 1758 3325 1814 propter
3351 1763 3517 1816 quem

1940 1821 2081 1875 vivis
2111 1821 2363 1889 alllictus,
2399 1834 2454 1880 et
2483 1835 2744 1896 tanquam
2775 1840 3025 1885 mortuus
3061 1849 3075 1885 :
3107 1842 3237 1887 tunc
3285 1851 3512 1904 respon-

268 1917 392 1981 quia
425 1918 820 1973 Constantianus
852 1921 1078 1990 Magnus
1100 1962 1116 1986 ,
1148 1937 1271 1976 cum
1307 1924 1380 1978 ibi
1417 1927 1701 1994 imperium
1731 1926 1836 1980 Ito-
1870 1927 1875 1981 l

1938 1910 2026 1965 det
2070 1915 2360 1980 juvencula
2411 1919 2501 1971 illa
2571 1921 2710 1989 (qua:
2767 1923 3031 1976 advenam
3068 1935 3121 1978 et
3165 1927 3512 1995 peregrinum

269 2025 487 2063 manum
543 2011 867 2080 detulisset,
903 2013 1189 2068 distribuit
1235 2018 1398 2070 etiam
1451 2020 1723 2073 civitatem
1781 2022 1833 2074 in

260 2099 481 2153 eosdem
507 2099 752 2165 ordines,
792 2103 968 2156 tribus
999 2113 1054 2156 et
1093 2103 1291 2170 oﬁicia,
1316 2108 1460 2161 sicut
1484 2119 1628 2162 esset
1658 2109 1830 2165 Roma

267 2191 378 2256 ipsa
431 2205 551 2258 quze
594 2191 754 2246 habet
792 2203 999 2262 septem
1032 2197 1246 2267 colles),
1286 2201 1507 2266 quando
1566 2203 1832 2258 videbitur

265 2281 580 2333 vicesimum
642 2283 972 2338 elementum
1024 2287 1078 2340 in
1132 2290 1240 2344 tuis
1288 2293 1547 2356 mteniis,
1598 2294 1699 2347 hoc
1750 2306 1836 2348 est

263 2370 378 2423 'Iau
412 2372 494 2423 vel
539 2370 643 2426 Tal
664 2414 680 2440 ,
705 2375 850 2443 quod
888 2377 1216 2433 elementum
1251 2390 1333 2436 est
1373 2385 1738 2455 symbologica
1774 2387 1832 2440 ﬁ-

262 2474 396 2528 gura
419 2464 786 2520 sanctissima:
810 2469 1014 2533 crucis,
1045 2480 1098 2524 et
1120 2481 1341 2541 propter
1361 2475 1463 2527 hoc
1493 2477 1830 2533 habitatores

257 2555 494 2610 civitatis
543 2559 714 2612 coacti
767 2570 929 2614 erunt
978 2577 1100 2618 sese
1156 2566 1209 2618 in
1273 2567 1454 2638 fugam
1523 2573 1828 2641 praccipites

256 2645 408 2708 dare,
455 2647 603 2714 quod
640 2663 827 2716 aperte
858 2653 1062 2707 dicitur
1094 2656 1146 2709 in
1177 2659 1385 2713 decima
1416 2661 1588 2731 ﬁgura
1637 2666 1690 2718 in
1722 2667 1829 2735 epi-

253 2746 556 2803 grammate
578 2739 648 2802 A,
673 2743 763 2794 ubi
796 2744 876 2797 sic
909 2745 1140 2804 habetur
1175 2769 1188 2803 :
1225 2750 1437 2816 Optima
1471 2773 1686 2826 qumque
1719 2760 1827 2811 col-

251 2829 419 2896 ligens
447 2867 462 2891 ,
494 2838 544 2882 et
580 2833 809 2901 aﬂligens
857 2841 1136 2903 prtemium
1185 2843 1465 2911 injustitiw
1514 2852 1822 2916 pessimum,

247 2931 353 2984 quo
385 2929 614 2988 tempore
647 2929 878 2979 medium
914 2940 1120 2983 astrum
1143 2935 1308 2984 visum
1342 2935 1500 3001 fuerit
1534 2940 1821 3006 nigricans,

255 3010 304 3060 id
339 3021 443 3072 est,
481 3014 700 3079 quando
745 3016 1020 3071 videbitur
1063 3022 1144 3074 sul
1180 3023 1354 3090 niger,
1383 3028 1484 3079 hoc
1511 3034 1616 3089 est,
1664 3027 1822 3081 Chri-

247 3107 370 3153 stus
397 3110 586 3155 contra
623 3104 866 3159 inﬁdeles
902 3109 1094 3161 iratus.

550 3216 1051 3274 EPIGIIAMMATA
1094 3223 1201 3276 FIG
1214 3223 1378 3278 ΕΒᾸΞ
1421 3227 1510 3281 XI.

249 3328 314 3379 Α.
356 3327 564 3390 Versus,
596 3348 724 3398 quos
752 3336 972 3401 angelus
1004 3336 1317 3404 imperatori
1345 3340 1582 3393 dicturus
1611 3354 1708 3397 est.

248 3415 305 3468 Il.
348 3415 595 3499 Mortuus.
629 3432 861 3488 aspectu,
896 3424 1120 3490 solutus,
1169 3439 1359 3480 norunt
1384 3430 1554 3493 multi,
1581 3435 1814 3499 quamvis

319 3503 468 3539 nemo
512 3491 744 3569 videt-ut
779 3509 960 3546 somno
994 3501 1276 3569 excitatus
1323 3491 1573 3553 continuo
1592 3491 1814 3569 'sceptra

321 3559 520 3625 regina:
549 3559 757 3626 quidem
787 3565 1082 3630 occupabit.

243 3647 538 3734 (1.1%ch
582 3652 948 3734 i‘nco'nspicttus
998 3666 1078 3708 ter
1123 3666 1810 3734 magnumrvociferabitur:

316 3717 468 3797 Altite
487 3723 762 3798 confestim
807 3725 875 3775 ad
916 3741 1132 3779 occasus
1181 3717 1810 3798 septicollis,'inueni-etis

319 3789 503 3871 pirum.
538 3788 881 3871 familiarem,
925 3810 1197 3864 meumque
1226 3788 1601 3871 necessarium,
1635 3810 1809 3861 ducite

316 3854 452 3908 hunc
486 3854 545 3910 in
574 3861 769 3929 regiam
798 3854 1034 3919 domum.

825 3950 1094 4010 EXPOSI
1107 3958 1249 4016 T10.

315 4033 522 4089 Relicta
559 4037 828 4108 imperiali
865 4050 994 4100 sede
1027 4065 1198 4105 vacua
1224 4094 1240 4117 ,
1275 4069 1423 4120 ecce,
1471 4058 1603 4112 dicit
1633 4061 1810 4129 Ange-

239 4124 330 4178 lus
355 4127 748 4195 epigrammate
782 4132 846 4199 Β,
881 4135 1126 4194 Mortuus
1158 4155 1392 4211 aspectu,
1427 4150 1654 4212 solutus,
1697 4161 1802 4204 etc.

235 4213 405 4278 Quasi
440 4217 624 4273 dicere
647 4222 838 4288 vellet,
863 4223 1024 4293 Ecce,
1051 4245 1084 4284 o
1113 4231 1344 4300 Graecia,
1373 4248 1621 4294 mortuus
1651 4256 1808 4310 aspe-

234 4318 350 4369 Ctu,
377 4315 432 4360 et
465 4310 704 4374 solutus,
749 4327 911 4382 quem
959 4321 1114 4376 multi
1163 4333 1381 4379 tuorum
1411 4342 1804 4398 cognoverunt,

232 4399 485 4463 quamvis
513 4414 616 4452 non
642 4403 916 4472 viderint;
954 4409 1003 4462 id
1034 4424 1140 4474 est,
1174 4417 1248 4468 tui
1286 4431 1408 4470 eum
1437 4420 1577 4472 larua
1601 4437 1805 4492 cogno-

234 4497 446 4552 verunt,
481 4494 733 4557 quamvis
759 4499 936 4554 oculis
969 4517 1077 4555 non
1112 4505 1369 4573 viderint,
1407 4509 1512 4563 iste
1545 4523 1802 4580 tauquam

231 4593 262 4632 ι
284 4595 476 4634 somno
499 4587 936 4658 expergefactus,
974 4597 1158 4649 statim
1194 4611 1407 4668 sceptra
1441 4603 1663 4659 Gracia:
1691 4605 1799 4659 Re-
1833 4588 1875 4642 D

230 4670 371 4736 gina:
399 4675 724 4742 occupabit;
760 4678 856 4732 sed
893 4681 983 4734 ubi
1016 4683 1099 4737 vir
1129 4686 1232 4740 iste
1265 4692 1587 4758 reperietur,
1608 4705 1794 4749 osten-

229 4758 304 4810 dit
335 4762 668 4831 epigramma
697 4765 738 4820 C
781 4765 971 4825 dicens
1001 4788 1015 4823 :
1046 4772 1230 4829 Prisco
1257 4779 1627 4847 inconspicuus
1658 4787 1798 4838 voci-

232 4848 510 4916 l‘erabitur,
539 4862 643 4906 etc.
683 4854 854 4924 IIujus
887 4873 1117 4928 possent
1147 4867 1262 4920 ﬁeri
1293 4870 1518 4926 diversa:
1543 4876 1798 4930 conside-

229 4939 491 4997 rationes.
519 4941 663 4997 Dicit
692 4947 835 5000 enim
861 4951 1216 5022 epigramma,
1246 4961 1391 5028 quod
1425 4962 1530 5018 iste
1558 4980 1664 5020 non
1689 4968 1797 5021 erit

229 5031 282 5081 in
317 5031 551 5088 humana
596 5039 1036 5098 consideratione
1059 5083 1076 5111 ,
1105 5057 1160 5101 et
1196 5051 1339 5118 quod
1367 5053 1474 5106 erit
1502 5055 1554 5108 in
1592 5071 1794 5113 occasu

230 5122 469 5180 civitatis
504 5129 827 5198 septicollis,
872 5146 928 5190 et
955 5137 1116 5190 homo
1146 5139 1455 5210 familiaris,
1482 5148 1534 5202 id
1560 5160 1663 5214 est,
1696 5167 1793 5206 ca-

230 5214 467 5272 tholicus
500 5229 554 5273 et
603 5221 776 5278 ﬁdelis
799 5264 814 5290 ,
866 5237 921 5281 et
950 5232 1091 5296 quod
1130 5235 1235 5288 erit
1262 5239 1473 5295 amicus
1497 5280 1511 5304 ,
1567 5257 1691 5296 cum
1727 5261 1792 5301 ex

229 5307 454 5378 antiquo
483 5321 538 5364 et
589 5316 935 5373 nobilissimo
985 5326 1248 5393 sanguine
1275 5333 1581 5397 proveniat.
1613 5332 1791 5402 Hunc,

228 5397 371 5452 dicet
403 5401 624 5456 divinus
657 5423 856 5475 praeco,
890 5414 1121 5479 qumrite
1167 5417 1219 5469 in
1269 5434 1492 5488 occasu,
1546 5433 1601 5478 et
1650 5428 1794 5483 inter

228 5500 544 5561 magnetes;
601 5506 656 5550 et
694 5502 837 5568 quod
871 5505 1058 5571 (sicuti
1109 5509 1240 5562 dicit
1285 5511 1480 5584 ﬁgura)
1515 5516 1568 5570 in
1600 5533 1793 5577 somno

227 5579 498 5649 quiescat,
552 5585 767 5642 funebri
803 5601 857 5645 et
889 5596 1113 5664 antiqua
1163 5579 1583 5672 veste'indutus,
1631 5625 1790 5679 super

227 5673 333 5728 duo
362 5676 628 5734 trilormia
666 5684 917 5741 animalia
945 5707 959 5755 ;
989 5689 1042 5744 id
1074 5701 1176 5758 est,
1198 5699 1424 5764 quaerite
1454 5716 1577 5756 eum
1613 5705 1664 5757 in
1694 5722 1787 5760 oc-

225 5763 459 5831 cidente,
495 5787 604 5825 non
635 5775 686 5829 in
719 5779 930 5834 oriente
958 5763 1227 5852 civitatis,
1251 5791 1379 5857 quia
1416 5793 1486 5847 ibi
1513 5810 1619 5848 non
1646 5799 1785 5862 erit;

223 5871 383 5925 quem
417 5861 726 5933 invenietis,
762 5879 818 5925 ut
847 5887 1032 5942 supra,
1066 5875 1116 5931 in
1147 5892 1336 5936 somno
1366 5889 1622 5951 tanquam
1649 5906 1790 5945 mor-

1941 2020 2121 2072 regem
2145 2009 2430 2076 ostendit),
2455 2012 2715 2076 Quamvis
2752 2014 2828 2068 sis
2862 2016 3028 2077 nuda,
3065 2030 3097 2068 o
3119 2015 3510 2072 Constantino-

1940 2097 2103 2163 polis,
2134 2106 2189 2151 et
2229 2115 2352 2169 rege
2384 2104 2646 2170 spoliata,
2674 2116 2895 2174 propter
2923 2108 3134 2162 cladem
3159 2125 3322 2175 quam
3349 2126 3507 2178 passa

1936 2201 2014 2249 es,
2047 2188 2251 2242 redibis
2280 2198 2458 2244 tamen
2501 2193 2696 2246 iterum
2736 2196 2802 2247 ad
2839 2196 3038 2263 lucem,
3075 2213 3196 2266 qua:
3228 2200 3317 2251 lux
3358 2201 3506 2253 nulla

1937 2276 2040 2328 alia
2063 2289 2148 2330 est
2181 2280 2284 2333 nisi
2310 2279 2467 2336 Jesus
2494 2272 2771 2349 Christus,
2799 2286 2890 2354 qui
2920 2287 3063 2341 dixit
3091 2303 3106 2340 :
3135 2288 3246 2358 Ego
3267 2307 3381 2343 sum
3414 2291 3508 2342 tua:

1937 2367 2161 2432 mundi;
2215 2370 2336 2424 ideo
2365 2381 2666 2436 revertens,
2706 2391 2738 2427 o
2777 2376 2993 2439 civitas,
3028 2380 3094 2432 ad
3134 2380 3503 2435 Christianam

1935 2459 2276 2528 religionem,
2321 2462 2700 2518 Maucmctana
2769 2471 3016 2537 expulsa,
3071 2471 3267 2525 iterum
3327 2474 3504 2528 lucida

1935 2551 2028 2604 lies
2057 2552 2159 2604 sub
2188 2554 2304 2605 sole
2340 2555 2659 2620 splendente
2688 2559 2892 2612 Christi
2922 2559 3248 2618 Salvatoris.

2215 2643 2708 2701 EPIGRAMMATA
2753 2649 2906 2706 FIGU
2921 2651 3034 2706 [UE
3077 2654 3218 2708 XIII.

1930 2731 1994 2783 A.
2033 2731 2163 2811 Ecce
2186 2751 2369 2787 rursus
2391 2737 2546 2811 ltomo
2574 2757 2638 2793 ea:
2665 2743 2835 2808 prima
2863 2745 3023 2811 stirpe
3046 2748 3254 2800 occulta
3283 2750 3336 2800 in
3361 2753 3501 2804 ntul-

2002 2814 2078 2852 tos
2103 2804 2507 2862 innmnerabiles
2538 2804 2724 2863 annos.
2763 2804 3149 2880 Nudns'prodit
3182 2833 3248 2869 ea:
3278 2821 3500 2874 obscuro

1997 2885 2043 2950 et
2077 2875 2403 2950 tenebricoso
2444 2882 2665 2950 tumulo,
2702 2893 2748 2931 et
2783 2875 3010 2935 secunda
3055 2887 3356 2950 splendente
3392 2893 3498 2943 vita

1997 2943 2179 3006 incipit
2208 2959 2253 2996 et
2292 2947 2447 3000 venit.
2482 2947 2670 3016 Imago
2701 2966 2888 3003 rursus
2917 2955 3035 3005 vita:
3063 2943 3359 3015 uerissime.

2494 3034 2929 3093 EXPOSITIO.

1997 3119 2297 3177 Declaratio
2342 3123 2553 3195 Figura:
2607 3127 2678 3181 XI
2737 3133 3092 3188 conﬁrmatur
3150 3137 3496 3194 demonstra-

1840 3247 1884 3304 ε
1923 3211 2069 3266 tione
2101 3219 2384 3282 prmsentis
2409 3219 2609 3288 ﬁguras,
2636 3222 2826 3277 dicens
2856 3228 3187 3295 epigramma
3225 3231 3265 3281 Α
3299 3247 3319 3284 :
3360 3231 3493 3288 Ecce

1923 3314 2109 3352 rursus
2137 3301 2313 3366 homo,
2356 3314 2464 3358 etc.
2501 3306 2667 3372 Quasi
2713 3310 2896 3364 dicere
2923 3314 3070 3378 velit,
3103 3316 3238 3371 Ecce
3275 3321 3492 3374 novitcr

1921 3403 2066 3443 unus
2111 3393 2203 3459 qui
2246 3395 2410 3450 trahit
2453 3399 2720 3465 originem
2773 3416 2802 3454 a
2842 3405 3012 3471 prima
3069 3408 3237 3474 stirpe
3288 3417 3402 3474 tua,
3455 3429 3491 3467 ο

1917 3479 2444 3554 Constantinopolis,
2497 3491 2590 3542 sed
2627 3493 2843 3545 occulta
2893 3509 2988 3563 per
3015 3496 3258 3553 inﬁnitos
3292 3515 3488 3568 annos,

1917 3569 1969 3623 id
1994 3581 2097 3636 est,
2131 3588 2254 3628 cum
2286 3579 2567 3634 transierit
2607 3597 2674 3636 ex
2728 3599 2838 3636 uno
2866 3586 2917 3638 in
2970 3588 3136 3641 alium
3181 3605 3278 3658 per
3319 3596 3488 3650 multa

1914 3664 2133 3728 sarcula,
2164 3674 2219 3719 et
2254 3670 2468 3722 occulta
2498 3671 2552 3723 in
2610 3672 2890 3728 hominum
2929 3677 3356 3748 imaginatione,
3391 3687 3483 3752 qui

1915 3753 2092 3808 nudus
2123 3756 2236 3810 exit
2283 3773 2311 3812 e
2345 3761 2572 3826 tumulo,
2617 3763 2669 3817 id
2715 3774 2819 3828 est,
2856 3767 2946 3835 qui
2986 3770 3192 3837 primus
3222 3773 3288 3828 ab
3341 3779 3485 3830 anti-

1911 3845 2192 3913 quissimis
2233 3851 2471 3907 statibus
2531 3855 2597 3907 ad
2663 3871 2799 3911 nova
2857 3859 3098 3916 dominia
3155 3865 3286 3930 exit,
3342 3869 3485 3923 unde

1910 3935 2226 4002 splendente
2282 3942 2522 3995 secunda
2568 3945 2698 4011 vita,
2745 3946 2797 4000 id
2827 3956 2930 4011 est,
2973 3951 3192 4019 cognito
3223 3956 3371 4023 quod
3411 3958 3484 4012 sit

1911 4027 2012 4093 (uti
2057 4038 2422 4086 monstratum
2453 4034 2561 4105 est)
2587 4051 2655 4089 ex
2682 4038 2857 4106 prima
2883 4041 3034 4111 regia
3064 4045 3235 4112 stirpe
3272 4055 3352 4100 tot
3380 4064 3481 4117 po-

1908 4116 2180 4183 pulorum.
2210 4129 2263 4174 et
2300 4129 2554 4192 tanquam
2603 4139 2951 4186 resurrectus
2995 4133 3062 4186 ad
3094 4135 3255 4190 aliam
3289 4140 3478 4205 vitam,

1909 4202 1960 4255 id
1999 4212 2103 4268 est,
2154 4205 2221 4258 ad
2268 4210 2551 4278 antiquum
2604 4223 2806 4268 statum
2860 4217 3051 4288 incipit
3095 4227 3375 4292 cognosci,
3423 4202 3480 4280 et

1905 4293 2102 4348 iterum
2143 4302 2326 4353 vivere
2381 4302 2446 4353 ad
2503 4306 2848 4361 verissimam
2896 4311 3017 4365 vitm
3063 4312 3378 4382 imaginem,
3420 4319 3471 4372 id

1905 4393 2008 4447 est,
2040 4385 2106 4437 ad
2141 4387 2494 4456 principalem
2527 4393 2960 4452 dominationem
2993 4404 3132 4468 regis
3153 4413 3207 4457 et
3237 4406 3475 4474 impera--

1907 4477 2062 4529 toris.
2101 4476 2194 4531 Ille
2243 4489 2424 4535 autem
2457 4484 2618 4539 homo
2647 4502 2710 4539 ex
2756 4489 2983 4558 antiqua
3018 4494 3190 4563 stirpe
3215 4511 3338 4550 cum
3371 4498 3468 4552 de-

1906 4566 2028 4622 beat
2080 4583 2200 4622 esse
2245 4572 2296 4623 in
2352 4587 2574 4639 occasu,
2607 4587 2785 4643 potest
2829 4580 3052 4650 intelligi
3086 4587 3229 4652 quod
3277 4589 3472 4644 debeat

1907 4671 2030 4710 esse
2063 4672 2128 4711 ex
2159 4658 2328 4727 stirpe
2386 4664 2554 4731 regia,
2617 4667 2841 4736 antiqua
2889 4672 3325 4744 Austriacorum,
3374 4684 3467 4748 qui

1900 4755 2027 4802 sunt
2055 4747 2105 4800 in
2138 4765 2334 4804 occasu
2369 4754 2689 4821 septicollis.

2181 4839 2685 4900 EPIGRAMMATA
2723 4847 3004 4907 FIGURAE
3043 4854 3180 4911 XIV.

1899 4929 1963 4980 Α.
1996 4927 2289 5016 lin-lupum
2319 4934 2409 5014 qui
2433 4950 2575 5015 ovem
2602 4941 2842 5016 cupiebat
2870 4944 3142 5012 devorare,
3169 4959 3349 5016 pastor
3376 4970 3461 5006 oc-

1969 4997 2124 5060 cidet,
2149 5010 2198 5051 et
2232 4997 2495 5055 hominem
2523 4997 2765 5064 inveniet.

1898 5065 1959 5119 Β.
1993 5067 2084 5121 Sic
2107 5071 2286 5136 perdet
2314 5072 2405 5140 qui
2444 5080 2737 5144 occupavit.

2460 5166 2896 5228 EXPOSITIO.

1966 5247 2041 5300 Ex
2071 5248 2156 5303 his
2183 5265 2303 5318 qua:
2332 5253 2387 5307 in
2417 5259 2795 5326 superioribus
2836 5263 3025 5334 ﬁguris
3053 5268 3200 5324 dicta
3248 5285 3379 5329 stunt
3412 5289 3463 5331 ct

1896 5353 1959 5390 ex
1999 5344 2249 5408 prasenti
2280 5344 2474 5414 ﬁgura,
2503 5349 2851 5406 manifestum
2880 5353 3334 5416 Ottomaunorum
3369 5380 3459 5418 ex-

1895 5428 2096 5482 cidium
2145 5434 2513 5502 conspicitur;
2561 5438 2846 5495 dicebatur
2882 5444 2933 5496 in
2987 5447 3377 5516 epigrammate
3420 5456 3459 5509 C

1896 5529 2060 5575 sexta!
2089 5523 2293 5592 ﬁgurat,
2323 5526 2608 5584 Trimestre
2641 5535 2870 5600 spatium
2899 5535 2991 5589 tibi
3015 5544 3334 5609 prwscribo;
3366 5563 3459 5614 per

1897 5621 2006 5665 tres
2055 5629 2271 5669 incuses
2303 5616 2564 5674 debemus
2597 5623 2896 5694 intelligere
2935 5636 3046 5682 tres
3092 5625 3455 5699 imperatores

1895 5710 2018 5770 post
2045 5702 2412 5773 Solimanum;
2451 5709 2502 5763 hi
2538 5722 2718 5767 autem
2752 5716 2900 5772 fuere
2939 5717 3196 5786 Selimns,
3221 5724 3453 5779 Amura-

1896 5799 2041 5862 thes,
2061 5810 2114 5854 et
2145 5801 2502 5861 Mcchcmcles
2528 5811 2617 5877 qui
2655 5828 2798 5866 nunc
2832 5815 3082 5884 imperat,
3134 5830 3186 5872 et
3215 5836 3340 5873 cum
3380 5823 3452 5875 sit

1895 5892 2085 5947 tcitins
2133 5898 2356 5964 mensis,
2391 5914 2485 5964 per
2535 5917 2873 5967 consequens
2922 5909 3023 5962 erit
3059 5911 3182 5964 linis
3218 5911 3452 5969 imocrii.
